1606 2792
75 133 96 165 34
142 153 144 156 ,
184 125 222 156 Pars
233 125 246 156 I.
263 125 288 156 De
300 123 378 167 religione
391 125 446 156 divina
458 125 559 157 institutione
571 126 628 168 posita.

75 240 96 274 et
110 234 179 283 iudex,
195 246 262 287 neque
277 235 331 274 enim
346 234 392 287 quis
407 234 458 276 liber
473 234 568 288 eflugieu
582 234 679 276 iudicium
694 236 736 276 eius

75 321 142 361 neque
157 305 245 347 Iudaeus
263 320 330 361 neque
346 305 427 360 gentilis
444 321 511 361 neque
527 307 562 362 qui
577 307 667 361 peccatis
682 315 736 349 tene·

75 386 108 421 tur
126 381 172 434 'quis
192 378 263 430 fidelis,
283 392 350 435 neque
369 380 430 422 etiam
450 378 540 434 angelus.
571 378 613 422 Sed
633 381 668 435 qui
683 393 737 423 nunc

75 452 171 494 diffidunt
183 452 229 508 ¹eius
244 452 337 502 bonitati,
356 458 484 505 cognoscent
498 453 518 493 in
533 452 608 494 iudicio
623 454 737 506 potentiam

75 526 123 577 eius,
139 524 254 568 secundum
269 524 326 579 quod
337 525 410 566 beatus
420 524 527 580 apostolus
537 525 596 567 dicit:
614 525 737 580 «Ignoransb

75 599 132 651 quod
147 597 228 640 bonitas
243 598 283 638 Dei
297 597 324 639 ad
341 598 485 651 paenitentiam
501 597 557 638 ducit
572 604 598 648 te,
614 598 651 639 sed
667 611 737 639 seeun-

76 669 136 711 dum⁰
155 669 250 712 duritiam
265 676 322 712 tuam
342 674 362 711 et
377 669 511 725 impaenitens
529 684 565 712 cor
580 668 671 712 cumulas
688 667 736 727 lubi]

75 743 113 797 ipsi
123 744 174 787 iram
184 743 203 784 in
214 742 247 785 die
257 743 297 785 irae
308 749 329 785 et
340 742 468 785 revelationis
478 742 558 785 iudiciid
568 743 613 794 Dei¹
627 745 661 798 qui
673 742 738 785 forase

76 816 173 857 retribuet
192 815 301 869 unicuique
320 816 433 856 secundum
453 828 516 870 opera
534 816 611 857 eius.›>1
640 815 680 857 Hic
700 823 736 866 est,

76 890 111 943 qui
126 887 240 944 appellatur
254 889 273 929 in
289 888 336 943 lege
351 889 408 929 Deus
418 888 526 930 Abraham
541 896 561 929 et
573 889 631 930 Deus
645 889 702 931 Isaac
717 896 738 930 et

76 961 133 1003 Deus
143 960 212 1011 iacob,
228 961 286 1002 Deus
301 961 413 1003 vivorum2.
435 959 582 1002 Nihilominus‘
596 961 688 1003 eiusdem
698 961 738 1002 Dei

76 1034 176 1076 celsitudo
192 1040 213 1075 et
228 1033 349 1088 magnitudo
364 1033 471 1075 ineffabilis
486 1040 523 1075 est.

104 1118 123 1161 9.
139 1106 230 1149 Mundus
245 1113 315 1148 autem
329 1112 422 1161 septeml
435 1107 572 1149 circumdatur
583 1107 650 1158 caelis,
665 1108 685 1149 in
696 1109 738 1162 qui·

75 1180 115 1222 hus
129 1181 214 1223 virtutes
230 1186 250 1222 et
266 1178 334 1235 angeli
348 1186 369 1221 et
384 1179 500 1236 archangeli
515 1179 614 1232 habitant,
635 1181 738 1222 servitium

77 1253 143 1295 cultus
151 1258 278 1308 praestantes
288 1253 425 1306 omnipotenti
435 1260 455 1295 et
463 1254 567 1294 omniumh
578 1253 679 1295 conditori
684 1254 737 1304 Deo,

68 1340 118 1367 non
128 1333 234 1379 tamquam
246 1339 319 1379 egeno,
335 1325 372 1366 sed
387 1339 413 1366 ne
429 1331 449 1367 et
464 1326 477 1367 ii
491 1325 531 1366 sint
541 1327 615 1367 inertes
628 1332 648 1367 et
658 1325 738 1369 inutiles

77 1406 97 1439 et
112 1397 243 1440 maledietiffl.
266 1398 293 1439 Et
309 1404 392 1453 propter
407 1398 447 1440 hoc
463 1397 549 1452 Spiritus
559 1400 599 1440 Dei
613 1399 696 1440 abunde
711 1401 738 1440 in-

77 1477 107 1511 est
112 1470 125 1521 ¹¹,
142 1478 163 1512 et
176 1470 195 1510 in
206 1476 285 1524 septem
299 1470 455 1511 ministeriorum
466 1469 535 1511 formis
546 1478 640 1512 censetur
650 1471 676 1513 ab
687 1472 737 1513 Isaia

77 1543 178 1597 propheta
193 1544 363 1596 requiescentium
378 1544 399 1583 in
413 1544 465 1584 Filio
476 1543 522 1593 Dei,
538 1545 559 1584 id
574 1544 657 1598 (ipsum)
672 1545 738 1584 estin

74 1613 148 1656 'Verbo
163 1614 278 1656 secundum
292 1621 315 1656 ut
329 1613 416 1655 hominis
427 1615 470 1656 eius
480 1615 600 1667 adventum3
617 1629 665 1657 nam
678 1616 738 1656 etiarn

79 1689 224 1743 «requiescet»,
244 1688 316 1742 inquit,
334 1701 407 1741 «super
423 1702 469 1729 eum
485 1687 572 1742 Spiritus
587 1688 632 1738 Dei,
652 1686 739 1742 Spiritus

76 1761 187 1816 sapientiae
205 1765 225 1800 et
244 1759 401 1815 intellegentiae,
422 1758 508 1815 Spiritus
528 1760 606 1802 consilii
625 1766 646 1802 et
660 1760 739 1802 uirtutis

107 1875 111 1896 ¹
123 1878 166 1910 Rom
178 1885 193 1915 2,
207 1876 266 1915 4-6.'
326 1873 333 1894 ²
344 1876 369 1907 Mt
382 1885 408 1914 22,
422 1885 448 1916 32.

106 1934 112 1955 ³
124 1936 149 1971 Cf.
161 1935 186 1969 Mt
198 1942 224 1977 25,
238 1944 259 1977 30
272 1944 344 1979 gasuqo
361 1935 384 1968 Lc
399 1944 423 1977 13,
437 1941 452 1976 7,

105 2032 112 2047 *Ἰ
124 2028 166 2059 Tul:
179 2026 219 2058 uum
231 2026 317 2069 entgehen.

105 2085 113 2107 ¹²
124 2089 169 2121 Arm.
182 2086 291 2130 participium,
306 2086 350 2130 quod
361 2086 394 2117 ΤΜ
407 2085 488 2118 dissolvit:
503 2084 632 2117 «Durbedennst
643 2083 702 2116 nieht.»

105 2149 176 2181 0nnn:
190 2151 229 2188 yest.
250 2147 282 2178 TM
294 2151 377 2179 accurate:
390 2146 423 2179 mit.

106 2206 216 2251 lRespondit
232 2206 248 2238 in
264 2217 329 2240 armeno
344 2206 461 2239 substantivum
476 2205 581 2248 compositum
597 2205 682 2238 formatum
697 2204 740 2237 iuxta

78 2279 153 2313 graecum
165 2265 275 2313 dczotozpror‘o.
289 2265 339 2311 (Rom
352 2275 367 2309 2,
381 2265 405 2311 5).
456 2256 457 2259 ¹

107 2334 113 2348 Β
124 2330 143 2360 In
155 2339 221 2361 armeno
233 2328 292 2360 locutio
304 2328 408 2371 pleonastiea.
425 2328 458 2359 an
470 2339 501 2359 om,

109 2386 185 2422 sTertus
197 2399 235 2421 arm,
247 2387 332 2432 praeponit
346 2393 387 2421 «et».
407 2388 448 2421 Tnl:
462 2387 500 2421 Und
512 2392 551 2420 trotz
564 2387 637 2420 alledern.

106 2449 149 2483 gCf,
158 2448 240 2482 Valentini
253 2449 351 2482 doctrinam:
366 2449 424 2482 Theol.
435 2448 555 2491 Jalrresberieht
571 2460 601 2492 pro
616 2454 663 2489 1907,
676 2447 740 2480 XXVII

79 2508 152 2552 (Lipsiae
166 2508 216 2551 1908)
230 2518 268 2550 301:
337 2508 344 2528 ¹¹
357 2509 398 2542 TM:
411 2520 443 2541 von
455 2508 514 2541 Allem.

109 2566 166 2602 iTM:
179 2569 259 2612 segenlos.
337 2566 344 2587 l
357 2569 375 2601 In
388 2580 435 2602 arm:
449 2569 538 2601 adessendo
551 2569 627 2601 abundat.
