1606 2792
52 127 73 161 88
153 128 192 159 Pars
202 126 223 160 Π.
237 125 298 159 Divina
310 125 396 158 auctoritas
404 124 464 158 Christi
476 124 568 159 mediatoris
580 129 610 159 etc¹

51 237 157 279 nationum
181 241 201 277 et
223 235 315 277 moribus
336 234 430 277 similium
453 234 560 277 hominum
581 248 617 290 per
637 249 713 277 nomen

51 309 136 352 Christi¹
152 309 334 364 congregationem
350 308 440 350 unanimi
455 321 512 363 pace,
533 308 589 362 quod
604 322 645 350 una
661 306 713 365 [eon-

52 379 185 438 versantibus]
201 381 276 432 iustist
297 382 332 435 qui
350 381 417 423 vitulis
437 388 457 423 et
475 380 548 423 ovibus
568 388 589 423 et
602 381 674 424 haedis
693 389 714 423 et

52 455 140 511 paruulis
146 455 240 510 (puerisr
248 455 361 508 comparati
371 461 424 504 sunt,
436 453 516 508 nequed
524 454 636 509 quidquam
645 456 714 496 damni

52 528 129 570 faciunt
143 527 161 579 ii,
178 527 224 582 quir
239 527 305 582 priore
319 533 412 582 tempore
427 526 454 568 ad
466 526 577 569 bestiarum
593 526 678 569 sormam
694 533 714 569 et

53 602 79 644 ad
94 602 205 643 bestiarum
221 614 293 650 mores,
310 606 395 654 propter
408 601 498 642 studium
512 599 558 653 plus
573 600 677 653 habende,
694 608 715 642 et

53 674 90 716 uiri
105 680 126 715 et
141 672 239 724 mulieres,
256 673 303 715 sacti
318 672 403 724 fuerant,
421 670 460 728 [ita]
473 680 495 714 ut
510 672 620 715 similitudo
636 673 714 715 afferre·

53 753 85 790 tur
95 745 117 801 (i)
132 745 246 789 nonnullis¹
261 760 288 788 ex
303 745 331 787 eis
346 744 442 800 luporum
456 744 489 788 uei
504 745 587 789 leonum
600 746 714 801 diripiendo

53 820 162 871 tenuiores,
178 826 199 860 et
214 818 291 861 beilum
304 813 402 861 inferrent
417 819 542 874 aequaiibus,
558 825 579 859 et
591 817 623 875 [ita
634 818 661 876 ut}
673 834 715 861 mu·

54 894 135 935 lieribus
145 891 261 949 [similitudo
269 890 328 948 esset]
338 893 482 946 pantherarum
497 899 517 934 et
525 893 645 947 viperarum,
662 907 715 948 quae
730 926 732 930 .

54 964 158 1006 mortifero
173 978 253 1005 ueneno
269 964 363 1005 nimirum
378 963 538 1005 subvertebant¹¹
553 964 614 1005 etiarn
630 964 715 1006 amicos¹

53 1052 101 1085 suos
120 1037 152 1079 vel
162 1044 253 1092 ,propter
268 1037 401 1091 cupiditatem
418 1035 488 1094 ΜΓ(
504 1035 537 1093 Ῐψ-
553 1034 578 1093 et]
595 1038 715 1079 convenien-

29 1146 32 1151 .
54 1110 93 1152 tes¹
108 1112 127 1151 in
143 1112 225 1152 nomine
240 1125 287 1152 meo
302 1112 322 1151 in
337 1111 428 1152 moribus
442 1111 499 1151 iustis
509 1108 640 1151 habebuntur
650 1126 661 1151 a
672 1125 715 1165 gra·

54 1184 82 1225 tia
89 1184 129 1225 Dei
140 1189 241 1238 agrestem
253 1189 273 1225 et
283 1183 404 1225 indomitam
414 1189 507 1225 naturam
518 1184 617 1224 mutando
625 1183 637 1225 ¹.
651 1182 715 1238 Quod

55 1257 116 1299 etiam
126 1255 201 1299 accidit
210 1264 334 1308 nunqnam
345 1255 513 1311 qui'nefarioresffl
523 1261 581 1296 erant
591 1256 651 1310 prius,
663 1257 715 1298 adeo

55 1336 77 1371 ut
95 1344 162 1385 neque
181 1328 245 1370 ullum
259 1328 369 1383 impietatis
388 1342 441 1383 opus
460 1329 596 1379 omitterent¹¹‚
617 1329 715 1371 discendo

85 1463 90 1485 ¹
102 1466 139 1509 Eph
152 1475 167 1507 4,
181 1473 207 1506 ²4·
232 1465 262 1498 Col
275 1473 289 1507 3,
304 1473 329 1498 ro.

83 1616 90 1631 ¹
102 1612 121 1644 In
133 1622 182 1644 uuum
194 1610 248 1643 locum
260 1609 359 1653 congregati.

84 1670 91 1691 ¹¹
103 1673 144 1705 TM:
158 1671 173 1704 d,
182 1670 198 1704 h.
211 1671 237 1704 die
245 1670 358 1714 Vereinigung
370 1670 399 1703 der
411 1669 512 1710 Gerechten;
527 1670 555 1702 sed
569 1670 594 1703 «d.
604 1669 630 1703 h.»
644 1670 661 1702 in
673 1666 721 1704 textu·

56 1744 121 1767 arrneno
135 1744 168 1766 non
181 1732 253 1773 hahetur,
269 1742 324 1766 verum
336 1730 414 1773 particula
426 1731 526 1774 coniungens
540 1730 605 1763 azia:
614 1732 661 1774 quod,
674 1733 716 1775 qnia,

56 1797 104 1831 enirn.

84 1862 90 1877 ⁰
102 1858 147 1890 Loco
161 1867 259 1900 ‹cruanganzr
273 1856 318 1898 legas
331 1854 436 1888 «mankanzr.

83 1916 140 1957 ¹TM,
155 1927 251 1960 quamquam
266 1917 339 1948 intentu
354 1926 419 1947 armeno
430 1916 497 1948 verbum
510 1915 638 1956 correspondens
655 1921 670 1947 et
682 1926 718 1958 prov

56 1989 114 2011 nornen
127 1977 212 2011 relativum
224 1978 277 2010 deest:
290 1975 327 2010 weil
339 1976 366 2008 sie.

83 2040 134 2071 eTM
146 2049 235 2082 pronomen
251 2037 283 2070 hoo
299 2036 382 2069 relativum
399 2037 419 2069 ad
431 2036 503 2079 superius
515 2036 584 2079 positum
601 2036 717 2069 substantivum

59 2098 123 2131 ansus«
140 2099 189 2132 refert
205 2104 221 2130 et
237 2097 268 2138 ita,
279 2107 320 2130 ,non
336 2096 393 2129 videns
410 2108 427 2130 se
443 2096 530 2140 parabolae
546 2096 618 2129 membra
634 2108 718 2140 perperam

57 2159 127 2200 miscere,
140 2159 196 2193 vertit:
211 2159 298 2192 «wahrend
309 2158 349 2191 sier,

87 2218 93 2239 s
104 2220 150 2252 Sive:
165 2219 251 2252 avaritiam
320 2222 328 2242 ἕ
339 2219 400 2250 Tentus
412 2218 526 2251 emendatione
538 2229 586 2262 egere
598 2219 666 2251 videtur.

83 2278 145 2314 ὴΤΜι
161 2291 180 2313 zu
192 2282 235 2313 tdten
252 2278 330 2317 imstande
342 2289 405 2319 waren3
422 2279 511 2312 sedvoces
524 2278 687 2312 «instantissimam
701 2279 718 2312 in

57 2347 101 2375 textu
113 2353 178 2375 armeno
191 2341 336 2385 correspondentes
347 2351 396 2373 voees
407 2351 441 2373 non
453 2340 519 2373 habent.

87 2400 91 2422 ¹
104 2415 125 2432 =
138 2408 204 2436 amatos.
214 2402 265 2435 ‘Tuo
278 2401 346 2434 Lieben.

85 2461 165 2496 ¹Textus
181 2463 245 2496 videtur
262 2462 382 2505 corruptionem
400 2474 455 2506 passus
473 2474 513 2496 esse.
539 2463 571 2495 ΤΜ
589 2462 662 2507 suppiet:
681 2463 718 2498 Alte

57 2523 113 2557 solche
125 2535 164 2557 nun.
231 2522 236 2543 ¹
248 2524 289 2557 Vide
302 2528 357 2556 notam
369 2536 383 2557 a.

83 2588 93 2604 ¹¹¹
106 2584 138 2617 Seu
151 2583 223 2618 diriores.
292 2587 300 2603 ¹
312 2584 354 2617 TM:
367 2584 466 2617 unterlassen
478 2584 557 2618 konnten.
