<?xml version="1.0" encoding="UTF-8"?>
<!DOCTYPE html PUBLIC "-//W3C//DTD XHTML 1.0 Transitional//EN"
    "http://www.w3.org/TR/xhtml1/DTD/xhtml1-transitional.dtd">
<html xmlns="http://www.w3.org/1999/xhtml" xml:lang="en" lang="en">
 <head>
  <title>
</title>
<meta http-equiv="Content-Type" content="text/html;charset=utf-8" />
  <meta name='ocr-system' content='tesseract 3.04.00' />
  <meta name='ocr-capabilities' content='ocr_page ocr_carea ocr_par ocr_line ocrx_word'/>
</head>
<body>
  <div class='ocr_page' id='page_1' title='image "./MN41580ucmf_0_0103.png"; bbox 0 0 1606 2792; ppageno 0'>
   <div class='ocr_carea' id='block_1_1' title="bbox 174 117 732 158">
    <p class='ocr_par' dir='ltr' id='par_1_1' title="bbox 174 117 732 158">
     <span class='ocr_line' id='line_1_1' title="bbox 174 117 732 158; baseline -0.002 -8"><span class='ocrx_word' id='word_1_1' title='bbox 174 119 212 151; x_wconf 85' lang='lat' dir='ltr'>Pars</span> <span class='ocrx_word' id='word_1_2' title='bbox 221 119 242 151; x_wconf 78' lang='lat' dir='ltr'>IL</span> <span class='ocrx_word' id='word_1_3' title='bbox 257 118 318 151; x_wconf 84' lang='lat' dir='ltr'>Divina</span> <span class='ocrx_word' id='word_1_4' title='bbox 330 118 415 151; x_wconf 72' lang='lat' dir='ltr'>auctoritas</span> <span class='ocrx_word' id='word_1_5' title='bbox 424 117 483 151; x_wconf 87' lang='lat' dir='ltr'>Christi</span> <span class='ocrx_word' id='word_1_6' title='bbox 496 118 588 151; x_wconf 86' lang='lat' dir='ltr'>mediatoris</span> <span class='ocrx_word' id='word_1_7' title='bbox 600 122 629 151; x_wconf 83' lang='lat' dir='ltr'>etc.</span> <span class='ocrx_word' id='word_1_8' title='bbox 711 117 732 158; x_wconf 80' lang='lat'>69</span> 
     </span>
    </p>
   </div>
   <div class='ocr_carea' id='block_1_2' title="bbox 72 225 786 573">
    <p class='ocr_par' dir='ltr' id='par_1_2' title="bbox 72 225 786 573">
     <span class='ocr_line' id='line_1_2' title="bbox 72 225 732 282; baseline -0.005 -12"><span class='ocrx_word' id='word_1_9' title='bbox 72 227 213 270; x_wconf 80' lang='lat' dir='ltr'>introducatur</span> <span class='ocrx_word' id='word_1_10' title='bbox 227 228 248 269; x_wconf 87' lang='lat' dir='ltr'>in</span> <span class='ocrx_word' id='word_1_11' title='bbox 262 240 349 282; x_wconf 83' lang='lat' dir='ltr'>regnum</span> <span class='ocrx_word' id='word_1_12' title='bbox 364 227 409 269; x_wconf 90' lang='lat' dir='ltr'>Dei.</span> <span class='ocrx_word' id='word_1_13' title='bbox 426 227 480 270; x_wconf 68' lang='lat' dir='ltr'>&#39;Hic</span> <span class='ocrx_word' id='word_1_14' title='bbox 495 234 526 269; x_wconf 91' lang='lat' dir='ltr'>est</span> <span class='ocrx_word' id='word_1_15' title='bbox 541 225 689 268; x_wconf 76' lang='lat' dir='ltr'>benedictionis</span> <span class='ocrx_word' id='word_1_16' title='bbox 704 226 732 267; x_wconf 88' lang='lat' dir='ltr'>Ia-</span> 
     </span>
     <span class='ocr_line' id='line_1_3' title="bbox 73 297 733 358; baseline 0 -17"><span class='ocrx_word' id='word_1_17' title='bbox 73 299 129 355; x_wconf 89' lang='lat' dir='ltr'>pheti</span> <span class='ocrx_word' id='word_1_18' title='bbox 149 299 225 358; x_wconf 85' lang='lat' dir='ltr'>fructus</span> <span class='ocrx_word' id='word_1_19' title='bbox 244 299 265 342; x_wconf 89' lang='lat' dir='ltr'>in</span> <span class='ocrx_word' id='word_1_20' title='bbox 284 300 392 342; x_wconf 85' lang='lat' dir='ltr'>vocatione</span> <span class='ocrx_word' id='word_1_21' title='bbox 407 300 499 353; x_wconf 86' lang='lat' dir='ltr'>gentium</span> <span class='ocrx_word' id='word_1_22' title='bbox 514 312 551 354; x_wconf 88' lang='lat' dir='ltr'>per</span> <span class='ocrx_word' id='word_1_23' title='bbox 565 297 681 341; x_wconf 82' lang='lat' dir='ltr'>Ecclesiam</span> <span class='ocrx_word' id='word_1_24' title='bbox 700 312 733 353; x_wconf 88' lang='lat' dir='ltr'>ap-</span> 
     </span>
     <span class='ocr_line' id='line_1_4' title="bbox 72 370 733 428; baseline -0.003 -15"><span class='ocrx_word' id='word_1_25' title='bbox 72 385 152 426; x_wconf 83' lang='lat' dir='ltr'>parens,</span> <span class='ocrx_word' id='word_1_26' title='bbox 168 372 225 427; x_wconf 87' lang='lat' dir='ltr'>quod</span> <span class='ocrx_word' id='word_1_27' title='bbox 241 379 358 415; x_wconf 82' lang='lat' dir='ltr'>constanter</span> <span class='ocrx_word' id='word_1_28' title='bbox 372 372 501 414; x_wconf 87' lang='lat' dir='ltr'>intendentes</span> <span class='ocrx_word' id='word_1_29' title='bbox 512 370 644 428; x_wconf 61' lang='lat' dir='ltr'>iintendens]a</span> <span class='ocrx_word' id='word_1_30' title='bbox 657 371 733 412; x_wconf 85' lang='lat' dir='ltr'>habita-</span> 
     </span>
     <span class='ocr_line' id='line_1_5' title="bbox 73 442 786 502; baseline -0.003 -16"><span class='ocrx_word' id='word_1_31' title='bbox 73 445 171 487; x_wconf 87' lang='lat' dir='ltr'>tationem</span> <span class='ocrx_word' id='word_1_32' title='bbox 188 442 271 502; x_wconf 75' lang='lat' dir='ltr'>iIaphet]</span> <span class='ocrx_word' id='word_1_33' title='bbox 288 442 418 501; x_wconf 71' lang='lat' dir='ltr'>accipereinit</span> <span class='ocrx_word' id='word_1_34' title='bbox 437 445 457 486; x_wconf 92' lang='lat' dir='ltr'>in</span> <span class='ocrx_word' id='word_1_35' title='bbox 473 445 536 487; x_wconf 90' lang='lat' dir='ltr'>domo</span> <span class='ocrx_word' id='word_1_36' title='bbox 552 444 600 487; x_wconf 89' lang='lat' dir='ltr'>Sem</span> <span class='ocrx_word' id='word_1_37' title='bbox 619 444 733 486; x_wconf 89' lang='lat' dir='ltr'>secundum</span> <span class='ocrx_word' id='word_1_38' title='bbox 784 452 786 455; x_wconf 76' lang='grc'>’</span> 
     </span>
     <span class='ocr_line' id='line_1_6' title="bbox 73 505 329 573; baseline 0 -14"><span class='ocrx_word' id='word_1_39' title='bbox 73 505 251 573; x_wconf 78' lang='lat' dir='ltr'>repromissionem</span> <span class='ocrx_word' id='word_1_40' title='bbox 266 508 311 559; x_wconf 86' lang='lat' dir='ltr'>Dei.</span> <span class='ocrx_word' id='word_1_41' title='bbox 327 517 329 519; x_wconf 73' lang='grc'><strong>’</strong></span> 
     </span>
    </p>
   </div>
   <div class='ocr_carea' id='block_1_3' title="bbox 298 669 508 708">
    <p class='ocr_par' dir='ltr' id='par_1_3' title="bbox 298 669 508 708">
     <span class='ocr_line' id='line_1_7' title="bbox 298 669 508 708; baseline -0.005 -1"><span class='ocrx_word' id='word_1_42' title='bbox 298 670 364 707; x_wconf 84' lang='lat' dir='ltr'>PARS</span> <span class='ocrx_word' id='word_1_43' title='bbox 378 669 508 708; x_wconf 84' lang='lat' dir='ltr'>SECUNDA.</span> 
     </span>
    </p>
   </div>
   <div class='ocr_carea' id='block_1_4' title="bbox 84 748 724 880">
    <p class='ocr_par' dir='ltr' id='par_1_4' title="bbox 84 748 724 880">
     <span class='ocr_line' id='line_1_8' title="bbox 84 748 724 810; baseline -0.005 -16"><span class='ocrx_word' id='word_1_44' title='bbox 84 749 177 794; x_wconf 85' lang='lat' dir='ltr'>Divina</span> <span class='ocrx_word' id='word_1_45' title='bbox 192 749 333 799; x_wconf 86' lang='lat' dir='ltr'>auctor-itas</span> <span class='ocrx_word' id='word_1_46' title='bbox 349 748 442 793; x_wconf 84' lang='lat' dir='ltr'>Christi</span> <span class='ocrx_word' id='word_1_47' title='bbox 457 748 608 810; x_wconf 87' lang='lat' dir='ltr'>mediatoris</span> <span class='ocrx_word' id='word_1_48' title='bbox 627 751 652 793; x_wconf 89' lang='lat' dir='ltr'>et</span> <span class='ocrx_word' id='word_1_49' title='bbox 667 748 724 793; x_wconf 84' lang='lat' dir='ltr'>reli-</span> 
     </span>
     <span class='ocr_line' id='line_1_9' title="bbox 106 821 701 880; baseline 0.002 -13"><span class='ocrx_word' id='word_1_50' title='bbox 106 824 196 880; x_wconf 86' lang='lat' dir='ltr'>gionis·</span> <span class='ocrx_word' id='word_1_51' title='bbox 205 824 388 867; x_wconf 83' lang='lat' dir='ltr'>restauratoris</span> <span class='ocrx_word' id='word_1_52' title='bbox 403 823 536 878; x_wconf 87' lang='lat' dir='ltr'>probatur.</span> <span class='ocrx_word' id='word_1_53' title='bbox 566 821 701 878; x_wconf 83' lang='lat' dir='ltr'>Principia.</span> 
     </span>
    </p>
   </div>
   <div class='ocr_carea' id='block_1_5' title="bbox 46 936 753 1928">
    <p class='ocr_par' dir='ltr' id='par_1_5' title="bbox 74 936 737 1577">
     <span class='ocr_line' id='line_1_10' title="bbox 104 936 736 994; baseline -0.005 -11"><span class='ocrx_word' id='word_1_54' title='bbox 104 939 183 983; x_wconf 87' lang='lat' dir='ltr'>Cuncta</span> <span class='ocrx_word' id='word_1_55' title='bbox 198 937 249 982; x_wconf 89' lang='lat' dir='ltr'>haec</span> <span class='ocrx_word' id='word_1_56' title='bbox 264 939 291 981; x_wconf 89' lang='lat' dir='ltr'>ita</span> <span class='ocrx_word' id='word_1_57' title='bbox 303 936 370 981; x_wconf 84' lang='lat' dir='ltr'>futura</span> <span class='ocrx_word' id='word_1_58' title='bbox 385 953 429 980; x_wconf 88' lang='lat' dir='ltr'>esse</span> <span class='ocrx_word' id='word_1_59' title='bbox 442 937 496 994; x_wconf 84' lang='lat' dir='ltr'>prius</span> <span class='ocrx_word' id='word_1_60' title='bbox 512 937 638 980; x_wconf 80' lang='lat' dir='ltr'>annuntiavit</span> <span class='ocrx_word' id='word_1_61' title='bbox 649 936 736 994; x_wconf 83' lang='lat' dir='ltr'>Spiritus</span> 
     </span>
     <span class='ocr_line' id='line_1_11' title="bbox 74 1010 736 1072; baseline 0.002 -20"><span class='ocrx_word' id='word_1_62' title='bbox 74 1013 114 1053; x_wconf 91' lang='lat' dir='ltr'>Dei</span> <span class='ocrx_word' id='word_1_63' title='bbox 124 1025 160 1066; x_wconf 87' lang='lat' dir='ltr'>per</span> <span class='ocrx_word' id='word_1_64' title='bbox 170 1011 288 1067; x_wconf 85' lang='lat' dir='ltr'>prophetas,</span> <span class='ocrx_word' id='word_1_65' title='bbox 305 1018 327 1053; x_wconf 91' lang='lat' dir='ltr'>ut</span> <span class='ocrx_word' id='word_1_66' title='bbox 337 1011 395 1053; x_wconf 83' lang='lat' dir='ltr'>firma</span> <span class='ocrx_word' id='word_1_67' title='bbox 410 1011 465 1066; x_wconf 88' lang='lat' dir='ltr'>apud</span> <span class='ocrx_word' id='word_1_68' title='bbox 477 1010 534 1052; x_wconf 78' lang='lat' dir='ltr'>iilosb</span> <span class='ocrx_word' id='word_1_69' title='bbox 549 1010 601 1052; x_wconf 87' lang='lat' dir='ltr'>fides</span> <span class='ocrx_word' id='word_1_70' title='bbox 615 1012 641 1052; x_wconf 90' lang='lat' dir='ltr'>sit</span> <span class='ocrx_word' id='word_1_71' title='bbox 651 1011 736 1072; x_wconf 87' lang='lat' dir='ltr'>veritate</span> 
     </span>
     <span class='ocr_line' id='line_1_12' title="bbox 75 1083 735 1140; baseline 0.002 -14"><span class='ocrx_word' id='word_1_72' title='bbox 75 1086 143 1127; x_wconf 90' lang='lat' dir='ltr'>Deum</span> <span class='ocrx_word' id='word_1_73' title='bbox 158 1084 275 1128; x_wconf 80' lang='lat' dir='ltr'>colentium.</span> <span class='ocrx_word' id='word_1_74' title='bbox 298 1084 352 1127; x_wconf 83' lang='lat' dir='ltr'>Nam</span> <span class='ocrx_word' id='word_1_75' title='bbox 362 1084 419 1140; x_wconf 87' lang='lat' dir='ltr'>quod</span> <span class='ocrx_word' id='word_1_76' title='bbox 430 1085 511 1139; x_wconf 90' lang='lat' dir='ltr'>penitus</span> <span class='ocrx_word' id='word_1_77' title='bbox 526 1083 677 1138; x_wconf 84' lang='lat' dir='ltr'>impossibilitas</span> <span class='ocrx_word' id='word_1_78' title='bbox 693 1091 735 1127; x_wconf 82' lang='lat' dir='ltr'>erat</span> 
     </span>
     <span class='ocr_line' id='line_1_13' title="bbox 74 1155 735 1213; baseline 0 -15"><span class='ocrx_word' id='word_1_79' title='bbox 74 1163 156 1199; x_wconf 85' lang='lat' dir='ltr'>nostrae</span> <span class='ocrx_word' id='word_1_80' title='bbox 175 1162 259 1198; x_wconf 82' lang='lat' dir='ltr'>naturae</span> <span class='ocrx_word' id='word_1_81' title='bbox 276 1163 297 1197; x_wconf 91' lang='lat' dir='ltr'>et</span> <span class='ocrx_word' id='word_1_82' title='bbox 311 1163 396 1213; x_wconf 84' lang='lat' dir='ltr'>propter</span> <span class='ocrx_word' id='word_1_83' title='bbox 410 1155 451 1198; x_wconf 92' lang='lat' dir='ltr'>hoc</span> <span class='ocrx_word' id='word_1_84' title='bbox 466 1169 550 1212; x_wconf 85' lang='lat' dir='ltr'>parvam</span> <span class='ocrx_word' id='word_1_85' title='bbox 565 1156 628 1198; x_wconf 89' lang='lat' dir='ltr'>fidem</span> <span class='ocrx_word' id='word_1_86' title='bbox 643 1162 686 1198; x_wconf 85' lang='lat' dir='ltr'>erat</span> <span class='ocrx_word' id='word_1_87' title='bbox 701 1156 735 1198; x_wconf 86' lang='lat' dir='ltr'>ad-</span> 
     </span>
     <span class='ocr_line' id='line_1_14' title="bbox 75 1228 737 1285; baseline 0.003 -13"><span class='ocrx_word' id='word_1_88' title='bbox 75 1230 185 1272; x_wconf 85' lang='lat' dir='ltr'>ducturum</span> <span class='ocrx_word' id='word_1_89' title='bbox 204 1229 330 1281; x_wconf 87' lang='lat' dir='ltr'>hominibus,</span> <span class='ocrx_word' id='word_1_90' title='bbox 352 1229 403 1272; x_wconf 91' lang='lat' dir='ltr'>haec</span> <span class='ocrx_word' id='word_1_91' title='bbox 423 1230 481 1272; x_wconf 87' lang='lat' dir='ltr'>Deus</span> <span class='ocrx_word' id='word_1_92' title='bbox 500 1243 536 1284; x_wconf 84' lang='lat' dir='ltr'>per</span> <span class='ocrx_word' id='word_1_93' title='bbox 557 1229 669 1285; x_wconf 82' lang='lat' dir='ltr'>prophetas</span> <span class='ocrx_word' id='word_1_94' title='bbox 689 1228 737 1274; x_wconf 84' lang='lat' dir='ltr'>fecit</span> 
     </span>
     <span class='ocr_line' id='line_1_15' title="bbox 76 1301 736 1360; baseline 0 -16"><span class='ocrx_word' id='word_1_95' title='bbox 76 1303 131 1357; x_wconf 85' lang='lat' dir='ltr'>prius</span> <span class='ocrx_word' id='word_1_96' title='bbox 145 1304 264 1355; x_wconf 82' lang='lat' dir='ltr'>annuntiari,</span> <span class='ocrx_word' id='word_1_97' title='bbox 280 1310 329 1360; x_wconf 85' lang='lat' dir='ltr'>ute</span> <span class='ocrx_word' id='word_1_98' title='bbox 341 1301 418 1360; x_wconf 70' lang='lat' dir='ltr'>[priore]</span> <span class='ocrx_word' id='word_1_99' title='bbox 435 1303 584 1358; x_wconf 77' lang='lat' dir='ltr'>praedictione⁰</span> <span class='ocrx_word' id='word_1_100' title='bbox 599 1303 658 1345; x_wconf 79' lang='lat' dir='ltr'>anted</span> <span class='ocrx_word' id='word_1_101' title='bbox 673 1302 736 1345; x_wconf 87' lang='lat' dir='ltr'>muita</span> 
     </span>
     <span class='ocr_line' id='line_1_16' title="bbox 75 1373 736 1433; baseline 0 -15"><span class='ocrx_word' id='word_1_102' title='bbox 75 1383 169 1431; x_wconf 86' lang='lat' dir='ltr'>tempora</span> <span class='ocrx_word' id='word_1_103' title='bbox 189 1373 254 1433; x_wconf 76' lang='lat' dir='ltr'>[facta]</span> <span class='ocrx_word' id='word_1_104' title='bbox 274 1382 319 1419; x_wconf 73' lang='lat' dir='ltr'>tiam</span> <span class='ocrx_word' id='word_1_105' title='bbox 337 1375 422 1418; x_wconf 89' lang='lat' dir='ltr'>tandem</span> <span class='ocrx_word' id='word_1_106' title='bbox 443 1381 516 1417; x_wconf 87' lang='lat' dir='ltr'>eventu</span> <span class='ocrx_word' id='word_1_107' title='bbox 536 1374 607 1418; x_wconf 87' lang='lat' dir='ltr'>habito</span> <span class='ocrx_word' id='word_1_108' title='bbox 626 1377 664 1428; x_wconf 84' lang='lat' dir='ltr'>ita,</span> <span class='ocrx_word' id='word_1_109' title='bbox 684 1376 736 1418; x_wconf 90' lang='lat' dir='ltr'>sicut</span> 
     </span>
     <span class='ocr_line' id='line_1_17' title="bbox 75 1445 737 1504; baseline 0 -13"><span class='ocrx_word' id='word_1_110' title='bbox 75 1450 137 1492; x_wconf 83' lang='lat' dir='ltr'>etiam</span> <span class='ocrx_word' id='word_1_111' title='bbox 157 1456 217 1491; x_wconf 83' lang='lat' dir='ltr'>antea</span> <span class='ocrx_word' id='word_1_112' title='bbox 238 1449 315 1491; x_wconf 89' lang='lat' dir='ltr'>dictum</span> <span class='ocrx_word' id='word_1_113' title='bbox 331 1445 410 1499; x_wconf 75' lang='lat' dir='ltr'>iuerat,</span> <span class='ocrx_word' id='word_1_114' title='bbox 432 1462 583 1503; x_wconf 83' lang='lat' dir='ltr'>cognoscamus</span> <span class='ocrx_word' id='word_1_115' title='bbox 602 1449 659 1504; x_wconf 90' lang='lat' dir='ltr'>quod</span> <span class='ocrx_word' id='word_1_116' title='bbox 679 1450 737 1491; x_wconf 89' lang='lat' dir='ltr'>Deus</span> 
     </span>
     <span class='ocr_line' id='line_1_18' title="bbox 76 1521 735 1577; baseline 0.002 -13"><span class='ocrx_word' id='word_1_117' title='bbox 76 1529 125 1574; x_wconf 83' lang='lat' dir='ltr'>erat,</span> <span class='ocrx_word' id='word_1_118' title='bbox 141 1522 176 1577; x_wconf 89' lang='lat' dir='ltr'>qui</span> <span class='ocrx_word' id='word_1_119' title='bbox 186 1522 385 1576; x_wconf 81' lang='lat' dir='ltr'>anteaannuptiavit</span> <span class='ocrx_word' id='word_1_120' title='bbox 395 1522 455 1565; x_wconf 89' lang='lat' dir='ltr'>nobis</span> <span class='ocrx_word' id='word_1_121' title='bbox 465 1521 628 1577; x_wconf 80' lang='lat' dir='ltr'>redemptionem</span> <span class='ocrx_word' id='word_1_122' title='bbox 639 1528 735 1565; x_wconf 88' lang='lat' dir='ltr'>nostram.</span> 
     </span>
    </p>

    <p class='ocr_par' dir='ltr' id='par_1_6' title="bbox 46 1595 753 1928">
     <span class='ocr_line' id='line_1_19' title="bbox 104 1595 737 1649; baseline -0.002 -13"><span class='ocrx_word' id='word_1_123' title='bbox 104 1606 137 1649; x_wconf 78' lang='lat'>43.</span> <span class='ocrx_word' id='word_1_124' title='bbox 154 1595 196 1637; x_wconf 88' lang='lat' dir='ltr'>Sed</span> <span class='ocrx_word' id='word_1_125' title='bbox 206 1595 253 1644; x_wconf 89' lang='lat' dir='ltr'>Deo</span> <span class='ocrx_word' id='word_1_126' title='bbox 268 1596 288 1637; x_wconf 88' lang='lat' dir='ltr'>in</span> <span class='ocrx_word' id='word_1_127' title='bbox 303 1595 399 1637; x_wconf 89' lang='lat' dir='ltr'>omnibus</span> <span class='ocrx_word' id='word_1_128' title='bbox 414 1595 497 1637; x_wconf 88' lang='lat' dir='ltr'>credere</span> <span class='ocrx_word' id='word_1_129' title='bbox 508 1595 599 1648; x_wconf 88' lang='lat' dir='ltr'>(necesse</span> <span class='ocrx_word' id='word_1_130' title='bbox 612 1595 640 1648; x_wconf 79' lang='lat' dir='ltr'>et)</span> <span class='ocrx_word' id='word_1_131' title='bbox 651 1595 737 1649; x_wconf 80' lang='lat' dir='ltr'>dignum</span> 
     </span>
     <span class='ocr_line' id='line_1_20' title="bbox 76 1665 735 1725; baseline 0 -15"><span class='ocrx_word' id='word_1_132' title='bbox 76 1674 113 1711; x_wconf 91' lang='lat' dir='ltr'>est.</span> <span class='ocrx_word' id='word_1_133' title='bbox 135 1667 188 1710; x_wconf 88' lang='lat' dir='ltr'>Nam</span> <span class='ocrx_word' id='word_1_134' title='bbox 204 1681 262 1711; x_wconf 86' lang='lat' dir='ltr'>verus</span> <span class='ocrx_word' id='word_1_135' title='bbox 278 1669 342 1710; x_wconf 87' lang='lat' dir='ltr'>estin</span> <span class='ocrx_word' id='word_1_136' title='bbox 358 1668 454 1711; x_wconf 86' lang='lat' dir='ltr'>omnibns</span> <span class='ocrx_word' id='word_1_137' title='bbox 464 1667 527 1720; x_wconf 88' lang='lat' dir='ltr'>Deus,</span> <span class='ocrx_word' id='word_1_138' title='bbox 543 1674 564 1709; x_wconf 93' lang='lat' dir='ltr'>et</span> <span class='ocrx_word' id='word_1_139' title='bbox 574 1668 631 1724; x_wconf 86' lang='lat' dir='ltr'>quod</span> <span class='ocrx_word' id='word_1_140' title='bbox 644 1665 735 1725; x_wconf 75' lang='lat' dir='ltr'>[genitus]</span> 
     </span>
     <span class='ocr_line' id='line_1_21' title="bbox 46 1739 738 1796; baseline 0 -14"><span class='ocrx_word' id='word_1_141' title='bbox 46 1760 47 1763; x_wconf 42' lang='lat'>¹</span> <span class='ocrx_word' id='word_1_142' title='bbox 76 1741 113 1782; x_wconf 87' lang='lat' dir='ltr'>fuit</span> <span class='ocrx_word' id='word_1_143' title='bbox 122 1741 185 1782; x_wconf 88' lang='lat' dir='ltr'>Fiiius</span> <span class='ocrx_word' id='word_1_144' title='bbox 194 1742 247 1782; x_wconf 77' lang='lat' dir='ltr'>Dei⁰</span> <span class='ocrx_word' id='word_1_145' title='bbox 262 1748 283 1782; x_wconf 92' lang='lat' dir='ltr'>et</span> <span class='ocrx_word' id='word_1_146' title='bbox 294 1739 363 1796; x_wconf 79' lang='lat' dir='ltr'>[quod]</span> <span class='ocrx_word' id='word_1_147' title='bbox 374 1742 408 1782; x_wconf 88' lang='lat' dir='ltr'>hic</span> <span class='ocrx_word' id='word_1_148' title='bbox 423 1740 464 1782; x_wconf 77' lang='lat' dir='ltr'>estr</span> <span class='ocrx_word' id='word_1_149' title='bbox 477 1755 518 1782; x_wconf 93' lang='lat' dir='ltr'>non</span> <span class='ocrx_word' id='word_1_150' title='bbox 532 1739 600 1782; x_wconf 86' lang='lat' dir='ltr'>soium</span> <span class='ocrx_word' id='word_1_151' title='bbox 610 1740 738 1795; x_wconf 86' lang='lat' dir='ltr'>priusquam</span> 
     </span>
     <span class='ocr_line' id='line_1_22' title="bbox 77 1811 753 1868; baseline -0.003 -12"><span class='ocrx_word' id='word_1_152' title='bbox 77 1813 183 1868; x_wconf 73' lang='lat' dir='ltr'>apparuitg</span> <span class='ocrx_word' id='word_1_153' title='bbox 201 1812 221 1854; x_wconf 93' lang='lat' dir='ltr'>in</span> <span class='ocrx_word' id='word_1_154' title='bbox 242 1813 330 1864; x_wconf 85' lang='lat' dir='ltr'>mundo,</span> <span class='ocrx_word' id='word_1_155' title='bbox 351 1813 388 1854; x_wconf 89' lang='lat' dir='ltr'>sed</span> <span class='ocrx_word' id='word_1_156' title='bbox 409 1814 470 1854; x_wconf 86' lang='lat' dir='ltr'>etiam</span> <span class='ocrx_word' id='word_1_157' title='bbox 492 1811 547 1867; x_wconf 88' lang='lat' dir='ltr'>prius</span> <span class='ocrx_word' id='word_1_158' title='bbox 567 1826 629 1867; x_wconf 82' lang='lat' dir='ltr'>quarn</span> <span class='ocrx_word' id='word_1_159' title='bbox 650 1813 753 1854; x_wconf 69' lang='lat' dir='ltr'>anundus</span> 
     </span>
     <span class='ocr_line' id='line_1_23' title="bbox 78 1886 489 1928; baseline -0.002 -1"><span class='ocrx_word' id='word_1_160' title='bbox 78 1886 145 1928; x_wconf 83' lang='lat' dir='ltr'>factus</span> <span class='ocrx_word' id='word_1_161' title='bbox 160 1892 200 1927; x_wconf 68' lang='lat' dir='ltr'>est:</span> <span class='ocrx_word' id='word_1_162' title='bbox 487 1901 489 1903; x_wconf 86' lang='lat'>·</span> 
     </span>
    </p>
   </div>
   <div class='ocr_carea' id='block_1_6' title="bbox 78 2022 755 2605">
    <p class='ocr_par' dir='ltr' id='par_1_7' title="bbox 105 2022 355 2057">
     <span class='ocr_line' id='line_1_24' title="bbox 105 2022 355 2057; baseline 0 -1"><span class='ocrx_word' id='word_1_163' title='bbox 105 2029 112 2044; x_wconf 56' lang='grc' dir='ltr'>Λ</span> <span class='ocrx_word' id='word_1_164' title='bbox 124 2024 167 2057; x_wconf 87' lang='lat' dir='ltr'>TM:</span> <span class='ocrx_word' id='word_1_165' title='bbox 179 2023 208 2056; x_wconf 87' lang='lat' dir='ltr'>das</span> <span class='ocrx_word' id='word_1_166' title='bbox 219 2022 254 2056; x_wconf 85' lang='lat' dir='ltr'>sich</span> <span class='ocrx_word' id='word_1_167' title='bbox 266 2022 355 2057; x_wconf 67' lang='lat' dir='ltr'>anschickt,</span> 
     </span>
    </p>

    <p class='ocr_par' dir='ltr' id='par_1_8' title="bbox 78 2083 738 2249">
     <span class='ocr_line' id='line_1_25' title="bbox 106 2083 738 2128; baseline 0.002 -12"><span class='ocrx_word' id='word_1_168' title='bbox 106 2083 113 2104; x_wconf 74' lang='lat'>¹³</span> <span class='ocrx_word' id='word_1_169' title='bbox 125 2084 167 2116; x_wconf 76' lang='lat' dir='ltr'>Ttiit</span> <span class='ocrx_word' id='word_1_170' title='bbox 179 2083 206 2116; x_wconf 83' lang='lat' dir='ltr'>bei</span> <span class='ocrx_word' id='word_1_171' title='bbox 219 2084 320 2128; x_wconf 80' lang='lat' dir='ltr'>denjenigen,</span> <span class='ocrx_word' id='word_1_172' title='bbox 334 2083 395 2117; x_wconf 86' lang='lat' dir='ltr'>welche</span> <span class='ocrx_word' id='word_1_173' title='bbox 408 2084 447 2116; x_wconf 86' lang='lat' dir='ltr'>Gott</span> <span class='ocrx_word' id='word_1_174' title='bbox 459 2083 475 2116; x_wconf 93' lang='lat' dir='ltr'>in</span> <span class='ocrx_word' id='word_1_175' title='bbox 488 2085 517 2116; x_wconf 80' lang='lat' dir='ltr'>der</span> <span class='ocrx_word' id='word_1_176' title='bbox 525 2084 609 2117; x_wconf 85' lang='lat' dir='ltr'>Wahrheit</span> <span class='ocrx_word' id='word_1_177' title='bbox 621 2084 686 2118; x_wconf 87' lang='lat' dir='ltr'>dienen.</span> <span class='ocrx_word' id='word_1_178' title='bbox 707 2084 738 2117; x_wconf 86' lang='lat' dir='ltr'>Sed</span> 
     </span>
     <span class='ocr_line' id='line_1_26' title="bbox 78 2139 738 2190; baseline 0.003 -13"><span class='ocrx_word' id='word_1_179' title='bbox 78 2145 94 2177; x_wconf 91' lang='lat' dir='ltr'>in</span> <span class='ocrx_word' id='word_1_180' title='bbox 107 2149 150 2177; x_wconf 80' lang='lat' dir='ltr'>textu</span> <span class='ocrx_word' id='word_1_181' title='bbox 163 2155 227 2178; x_wconf 86' lang='lat' dir='ltr'>armeno</span> <span class='ocrx_word' id='word_1_182' title='bbox 239 2155 269 2188; x_wconf 84' lang='lat' dir='ltr'>pro</span> <span class='ocrx_word' id='word_1_183' title='bbox 280 2145 396 2190; x_wconf 74' lang='lat' dir='ltr'>udenjenigen»</span> <span class='ocrx_word' id='word_1_184' title='bbox 406 2144 457 2178; x_wconf 89' lang='lat' dir='ltr'>habes</span> <span class='ocrx_word' id='word_1_185' title='bbox 468 2141 580 2186; x_wconf 78' lang='lat' dir='ltr'>accusativum,</span> <span class='ocrx_word' id='word_1_186' title='bbox 593 2139 624 2188; x_wconf 89' lang='lat' dir='ltr'>pro</span> <span class='ocrx_word' id='word_1_187' title='bbox 634 2144 738 2179; x_wconf 86' lang='lat' dir='ltr'>«welche...</span> 
     </span>
     <span class='ocr_line' id='line_1_27' title="bbox 78 2205 560 2249; baseline 0.002 -10"><span class='ocrx_word' id='word_1_188' title='bbox 78 2205 147 2244; x_wconf 65' lang='lat' dir='ltr'>dienen»</span> <span class='ocrx_word' id='word_1_189' title='bbox 162 2205 256 2249; x_wconf 85' lang='lat' dir='ltr'>genitivum.</span> <span class='ocrx_word' id='word_1_190' title='bbox 337 2206 339 2208; x_wconf 79' lang='grc'><strong>’</strong></span> <span class='ocrx_word' id='word_1_191' title='bbox 557 2213 560 2215; x_wconf 92' lang='grc'><strong><em>’</em></strong></span> 
     </span>
    </p>

    <p class='ocr_par' dir='ltr' id='par_1_9' title="bbox 79 2256 755 2372">
     <span class='ocr_line' id='line_1_28' title="bbox 107 2256 755 2311; baseline 0.002 -12"><span class='ocrx_word' id='word_1_192' title='bbox 107 2273 113 2287; x_wconf 77' lang='lat'>⁰</span> <span class='ocrx_word' id='word_1_193' title='bbox 124 2268 144 2299; x_wconf 87' lang='lat' dir='ltr'>In</span> <span class='ocrx_word' id='word_1_194' title='bbox 157 2271 200 2300; x_wconf 85' lang='lat' dir='ltr'>textu</span> <span class='ocrx_word' id='word_1_195' title='bbox 213 2277 278 2299; x_wconf 85' lang='lat' dir='ltr'>armeno</span> <span class='ocrx_word' id='word_1_196' title='bbox 290 2267 378 2300; x_wconf 84' lang='lat' dir='ltr'>infinitivus</span> <span class='ocrx_word' id='word_1_197' title='bbox 386 2268 444 2310; x_wconf 83' lang='lat' dir='ltr'>passivi</span> <span class='ocrx_word' id='word_1_198' title='bbox 453 2280 475 2296; x_wconf 74' lang='lat' dir='ltr'><strong><em>z</em></strong></span> <span class='ocrx_word' id='word_1_199' title='bbox 483 2275 501 2299; x_wconf 84' lang='lat' dir='ltr'>ut</span> <span class='ocrx_word' id='word_1_200' title='bbox 513 2278 533 2299; x_wconf 86' lang='lat' dir='ltr'>cx</span> <span class='ocrx_word' id='word_1_201' title='bbox 544 2278 564 2299; x_wconf 91' lang='lat' dir='ltr'>eo</span> <span class='ocrx_word' id='word_1_202' title='bbox 576 2267 620 2310; x_wconf 88' lang='lat' dir='ltr'>quod</span> <span class='ocrx_word' id='word_1_203' title='bbox 627 2268 672 2311; x_wconf 84' lang='lat' dir='ltr'>prins</span> <span class='ocrx_word' id='word_1_204' title='bbox 680 2268 739 2301; x_wconf 83' lang='lat' dir='ltr'>dicere·</span> <span class='ocrx_word' id='word_1_205' title='bbox 753 2256 755 2259; x_wconf 31' lang='grc' dir='ltr'>Ι</span> 
     </span>
     <span class='ocr_line' id='line_1_29' title="bbox 79 2325 711 2372; baseline 0 -11"><span class='ocrx_word' id='word_1_206' title='bbox 79 2334 104 2361; x_wconf 89' lang='lat' dir='ltr'>tur</span> <span class='ocrx_word' id='word_1_207' title='bbox 116 2333 153 2361; x_wconf 86' lang='lat' dir='ltr'>ante</span> <span class='ocrx_word' id='word_1_208' title='bbox 165 2328 215 2361; x_wconf 88' lang='lat' dir='ltr'>multa</span> <span class='ocrx_word' id='word_1_209' title='bbox 227 2333 299 2372; x_wconf 83' lang='lat' dir='ltr'>tempora</span> <span class='ocrx_word' id='word_1_210' title='bbox 311 2334 326 2361; x_wconf 90' lang='lat' dir='ltr'>et</span> <span class='ocrx_word' id='word_1_211' title='bbox 338 2329 382 2372; x_wconf 85' lang='lat' dir='ltr'>quod</span> <span class='ocrx_word' id='word_1_212' title='bbox 394 2333 427 2360; x_wconf 86' lang='lat' dir='ltr'>tum</span> <span class='ocrx_word' id='word_1_213' title='bbox 439 2329 504 2361; x_wconf 83' lang='lat' dir='ltr'>tandem</span> <span class='ocrx_word' id='word_1_214' title='bbox 516 2325 590 2362; x_wconf 80' lang='lat' dir='ltr'>eventum</span> <span class='ocrx_word' id='word_1_215' title='bbox 602 2327 669 2361; x_wconf 78' lang='lat' dir='ltr'>haberet</span> <span class='ocrx_word' id='word_1_216' title='bbox 681 2334 711 2361; x_wconf 84' lang='lat' dir='ltr'>etc.</span> 
     </span>
    </p>

    <p class='ocr_par' dir='ltr' id='par_1_10' title="bbox 79 2385 740 2498">
     <span class='ocr_line' id='line_1_30' title="bbox 106 2385 740 2433; baseline 0 -12"><span class='ocrx_word' id='word_1_217' title='bbox 106 2388 158 2421; x_wconf 73' lang='lat' dir='ltr'>tTM</span> <span class='ocrx_word' id='word_1_218' title='bbox 170 2388 224 2422; x_wconf 87' lang='lat' dir='ltr'>addit:</span> <span class='ocrx_word' id='word_1_219' title='bbox 242 2389 287 2431; x_wconf 63' lang='lat' dir='ltr'>dh„</span> <span class='ocrx_word' id='word_1_220' title='bbox 305 2396 320 2422; x_wconf 85' lang='lat' dir='ltr'>et</span> <span class='ocrx_word' id='word_1_221' title='bbox 336 2400 367 2433; x_wconf 82' lang='lat' dir='ltr'>pro</span> <span class='ocrx_word' id='word_1_222' title='bbox 383 2388 463 2422; x_wconf 77' lang='lat' dir='ltr'>infinitivo</span> <span class='ocrx_word' id='word_1_223' title='bbox 474 2389 532 2433; x_wconf 83' lang='lat' dir='ltr'>passivi</span> <span class='ocrx_word' id='word_1_224' title='bbox 549 2385 627 2433; x_wconf 85' lang='lat' dir='ltr'>supponit</span> <span class='ocrx_word' id='word_1_225' title='bbox 637 2389 740 2433; x_wconf 84' lang='lat' dir='ltr'>participium</span> 
     </span>
     <span class='ocr_line' id='line_1_31' title="bbox 79 2448 679 2498; baseline 0.002 -16"><span class='ocrx_word' id='word_1_226' title='bbox 79 2448 142 2492; x_wconf 78' lang='lat' dir='ltr'>passivi,</span> <span class='ocrx_word' id='word_1_227' title='bbox 155 2454 172 2482; x_wconf 92' lang='lat' dir='ltr'>ut</span> <span class='ocrx_word' id='word_1_228' title='bbox 182 2454 242 2498; x_wconf 65' lang='lat' dir='ltr'>uertat:</span> <span class='ocrx_word' id='word_1_229' title='bbox 256 2450 284 2482; x_wconf 84' lang='lat' dir='ltr'>das</span> <span class='ocrx_word' id='word_1_230' title='bbox 296 2450 356 2490; x_wconf 79' lang='lat' dir='ltr'>frdher,</span> <span class='ocrx_word' id='word_1_231' title='bbox 369 2450 384 2482; x_wconf 88' lang='lat' dir='ltr'>d.</span> <span class='ocrx_word' id='word_1_232' title='bbox 393 2449 409 2482; x_wconf 88' lang='lat' dir='ltr'>h.</span> <span class='ocrx_word' id='word_1_233' title='bbox 421 2460 451 2482; x_wconf 89' lang='lat' dir='ltr'>vor</span> <span class='ocrx_word' id='word_1_234' title='bbox 462 2450 516 2482; x_wconf 86' lang='lat' dir='ltr'>vielen</span> <span class='ocrx_word' id='word_1_235' title='bbox 529 2449 589 2491; x_wconf 83' lang='lat' dir='ltr'>Zeiten,</span> <span class='ocrx_word' id='word_1_236' title='bbox 603 2449 679 2493; x_wconf 82' lang='lat' dir='ltr'>Gesagte.</span> 
     </span>
    </p>

    <p class='ocr_par' dir='ltr' id='par_1_11' title="bbox 108 2509 717 2551">
     <span class='ocr_line' id='line_1_32' title="bbox 108 2509 717 2551; baseline 0.005 -9"><span class='ocrx_word' id='word_1_237' title='bbox 108 2510 159 2542; x_wconf 53' lang='lat' dir='ltr'>‘Tm</span> <span class='ocrx_word' id='word_1_238' title='bbox 170 2510 230 2543; x_wconf 85' lang='lat' dir='ltr'>iibere:</span> <span class='ocrx_word' id='word_1_239' title='bbox 244 2510 285 2543; x_wconf 84' lang='lat' dir='ltr'>auch</span> <span class='ocrx_word' id='word_1_240' title='bbox 297 2509 314 2542; x_wconf 90' lang='lat' dir='ltr'>in</span> <span class='ocrx_word' id='word_1_241' title='bbox 326 2510 367 2551; x_wconf 82' lang='lat' dir='ltr'>dem,</span> <span class='ocrx_word' id='word_1_242' title='bbox 380 2521 413 2542; x_wconf 88' lang='lat' dir='ltr'>was</span> <span class='ocrx_word' id='word_1_243' title='bbox 425 2511 453 2543; x_wconf 90' lang='lat' dir='ltr'>das</span> <span class='ocrx_word' id='word_1_244' title='bbox 465 2510 525 2544; x_wconf 82' lang='lat' dir='ltr'>Dasein</span> <span class='ocrx_word' id='word_1_245' title='bbox 538 2511 566 2543; x_wconf 87' lang='lat' dir='ltr'>des</span> <span class='ocrx_word' id='word_1_246' title='bbox 579 2510 642 2544; x_wconf 84' lang='lat' dir='ltr'>Schnes</span> <span class='ocrx_word' id='word_1_247' title='bbox 653 2510 717 2544; x_wconf 85' lang='lat' dir='ltr'>betrifft.</span> 
     </span>
    </p>

    <p class='ocr_par' dir='ltr' id='par_1_12' title="bbox 110 2569 577 2605">
     <span class='ocr_line' id='line_1_33' title="bbox 110 2569 577 2605; baseline 0.002 -2"><span class='ocrx_word' id='word_1_248' title='bbox 110 2569 167 2603; x_wconf 70' lang='lat' dir='ltr'>sTM:</span> <span class='ocrx_word' id='word_1_249' title='bbox 180 2581 218 2604; x_wconf 83' lang='lat' dir='ltr'>war.</span> <span class='ocrx_word' id='word_1_250' title='bbox 287 2574 294 2595; x_wconf 65' lang='grc' dir='ltr'>ἕ</span> <span class='ocrx_word' id='word_1_251' title='bbox 306 2570 347 2603; x_wconf 79' lang='lat' dir='ltr'>Tot:</span> <span class='ocrx_word' id='word_1_252' title='bbox 360 2581 389 2603; x_wconf 83' lang='lat' dir='ltr'>vor</span> <span class='ocrx_word' id='word_1_253' title='bbox 401 2571 462 2604; x_wconf 88' lang='lat' dir='ltr'>seinem</span> <span class='ocrx_word' id='word_1_254' title='bbox 473 2571 577 2605; x_wconf 81' lang='lat' dir='ltr'>Eischeinen.</span> 
     </span>
    </p>
   </div>
   <div class='ocr_carea' id='block_1_7' title="bbox 0 0 818 2792">
    <p class='ocr_par' dir='ltr' id='par_1_13' title="bbox 0 0 818 2792">
     <span class='ocr_line' id='line_1_34' title="bbox 0 0 818 2792; baseline 0 0"><span class='ocrx_word' id='word_1_255' title='bbox 0 0 818 2792; x_wconf 95' lang='lat' dir='ltr'> </span> 
     </span>
    </p>
   </div>
  </div>
 </body>
</html>
