<?xml version="1.0" encoding="UTF-8"?>
<!DOCTYPE html PUBLIC "-//W3C//DTD XHTML 1.0 Transitional//EN"
    "http://www.w3.org/TR/xhtml1/DTD/xhtml1-transitional.dtd">
<html xmlns="http://www.w3.org/1999/xhtml" xml:lang="en" lang="en">
 <head>
  <title>
</title>
<meta http-equiv="Content-Type" content="text/html;charset=utf-8" />
  <meta name='ocr-system' content='tesseract 3.04.00' />
  <meta name='ocr-capabilities' content='ocr_page ocr_carea ocr_par ocr_line ocrx_word'/>
</head>
<body>
  <div class='ocr_page' id='page_1' title='image "./MN41580ucmf_0_0040.png"; bbox 0 0 1606 2792; ppageno 0'>
   <div class='ocr_carea' id='block_1_1' title="bbox 47 145 438 187">
    <p class='ocr_par' dir='ltr' id='par_1_1' title="bbox 47 145 438 187">
     <span class='ocr_line' id='line_1_1' title="bbox 47 145 438 187; baseline 0.013 -15"><span class='ocrx_word' id='word_1_1' title='bbox 47 145 56 177; x_wconf 76' lang='lat' dir='ltr'>fi</span> <span class='ocrx_word' id='word_1_2' title='bbox 317 145 438 187; x_wconf 81' lang='lat' dir='ltr'>Prolegomena.</span> 
     </span>
    </p>
   </div>
   <div class='ocr_carea' id='block_1_2' title="bbox 47 252 767 2351">
    <p class='ocr_par' dir='ltr' id='par_1_2' title="bbox 47 252 767 2351">
     <span class='ocr_line' id='line_1_2' title="bbox 47 252 708 309; baseline 0.002 -13"><span class='ocrx_word' id='word_1_3' title='bbox 47 252 104 309; x_wconf 89' lang='lat' dir='ltr'>Syris</span> <span class='ocrx_word' id='word_1_4' title='bbox 120 255 196 297; x_wconf 90' lang='lat' dir='ltr'>maiore</span> <span class='ocrx_word' id='word_1_5' title='bbox 211 268 271 308; x_wconf 87' lang='lat' dir='ltr'>quam</span> <span class='ocrx_word' id='word_1_6' title='bbox 288 267 335 294; x_wconf 90' lang='lat' dir='ltr'>cum</span> <span class='ocrx_word' id='word_1_7' title='bbox 350 253 433 295; x_wconf 89' lang='lat' dir='ltr'>Graecis</span> <span class='ocrx_word' id='word_1_8' title='bbox 449 255 573 296; x_wconf 88' lang='lat' dir='ltr'>commercio</span> <span class='ocrx_word' id='word_1_9' title='bbox 588 255 619 296; x_wconf 87' lang='lat' dir='ltr'>usi</span> <span class='ocrx_word' id='word_1_10' title='bbox 634 261 708 306; x_wconf 81' lang='lat' dir='ltr'>essent,</span> 
     </span>
     <span class='ocr_line' id='line_1_3' title="bbox 48 326 709 383; baseline 0.003 -15"><span class='ocrx_word' id='word_1_11' title='bbox 48 327 118 383; x_wconf 87' lang='lat' dir='ltr'>quaeri</span> <span class='ocrx_word' id='word_1_12' title='bbox 133 327 252 380; x_wconf 81' lang='lat' dir='ltr'>debebatur,</span> <span class='ocrx_word' id='word_1_13' title='bbox 268 333 336 367; x_wconf 90' lang='lat' dir='ltr'>utrum</span> <span class='ocrx_word' id='word_1_14' title='bbox 352 326 373 369; x_wconf 82' lang='lat' dir='ltr'>S.</span> <span class='ocrx_word' id='word_1_15' title='bbox 386 327 463 368; x_wconf 84' lang='lat' dir='ltr'>Irenaei</span> <span class='ocrx_word' id='word_1_16' title='bbox 478 341 530 382; x_wconf 90' lang='lat' dir='ltr'>opus</span> <span class='ocrx_word' id='word_1_17' title='bbox 545 341 557 367; x_wconf 90' lang='lat' dir='ltr'>e</span> <span class='ocrx_word' id='word_1_18' title='bbox 572 341 646 382; x_wconf 80' lang='lat' dir='ltr'>graeca</span> <span class='ocrx_word' id='word_1_19' title='bbox 660 329 709 370; x_wconf 87' lang='lat' dir='ltr'>veri·</span> 
     </span>
     <span class='ocr_line' id='line_1_4' title="bbox 49 399 710 455; baseline 0.005 -15"><span class='ocrx_word' id='word_1_20' title='bbox 49 406 90 441; x_wconf 88' lang='lat' dir='ltr'>tate</span> <span class='ocrx_word' id='word_1_21' title='bbox 109 413 135 441; x_wconf 87' lang='lat' dir='ltr'>an</span> <span class='ocrx_word' id='word_1_22' title='bbox 155 415 166 441; x_wconf 92' lang='lat' dir='ltr'>e</span> <span class='ocrx_word' id='word_1_23' title='bbox 185 399 264 453; x_wconf 87' lang='lat' dir='ltr'>syriaca</span> <span class='ocrx_word' id='word_1_24' title='bbox 278 399 372 441; x_wconf 82' lang='lat' dir='ltr'><strong>versione</strong></span> <span class='ocrx_word' id='word_1_25' title='bbox 389 399 520 442; x_wconf 79' lang='lat' dir='ltr'>reddiderint.</span> <span class='ocrx_word' id='word_1_26' title='bbox 552 399 628 455; x_wconf 78' lang='lat' dir='ltr'>Quanti</span> <span class='ocrx_word' id='word_1_27' title='bbox 643 400 710 443; x_wconf 87' lang='lat' dir='ltr'>valeat</span> 
     </span>
     <span class='ocr_line' id='line_1_5' title="bbox 48 473 709 529; baseline 0.005 -16"><span class='ocrx_word' id='word_1_28' title='bbox 48 473 99 515; x_wconf 88' lang='lat' dir='ltr'>scire</span> <span class='ocrx_word' id='word_1_29' title='bbox 113 474 227 514; x_wconf 82' lang='lat' dir='ltr'>versionem</span> <span class='ocrx_word' id='word_1_30' title='bbox 246 487 257 513; x_wconf 95' lang='lat' dir='ltr'>e</span> <span class='ocrx_word' id='word_1_31' title='bbox 272 486 347 526; x_wconf 81' lang='lat' dir='ltr'>graeco</span> <span class='ocrx_word' id='word_1_32' title='bbox 363 473 437 514; x_wconf 83' lang='lat' dir='ltr'>factam</span> <span class='ocrx_word' id='word_1_33' title='bbox 453 487 503 523; x_wconf 85' lang='lat' dir='ltr'>esse,</span> <span class='ocrx_word' id='word_1_34' title='bbox 524 487 641 515; x_wconf 87' lang='lat' dir='ltr'>enumerare</span> <span class='ocrx_word' id='word_1_35' title='bbox 657 488 709 529; x_wconf 84' lang='lat' dir='ltr'>opus</span> 
     </span>
     <span class='ocr_line' id='line_1_6' title="bbox 49 543 710 600; baseline 0.003 -15"><span class='ocrx_word' id='word_1_36' title='bbox 49 559 90 586; x_wconf 88' lang='lat' dir='ltr'>uon</span> <span class='ocrx_word' id='word_1_37' title='bbox 106 552 141 587; x_wconf 88' lang='lat' dir='ltr'>est.</span> <span class='ocrx_word' id='word_1_38' title='bbox 162 544 206 586; x_wconf 89' lang='lat' dir='ltr'>Viri</span> <span class='ocrx_word' id='word_1_39' title='bbox 221 544 277 586; x_wconf 85' lang='lat' dir='ltr'>docti</span> <span class='ocrx_word' id='word_1_40' title='bbox 286 543 378 595; x_wconf 77' lang='lat' dir='ltr'>Armeni,</span> <span class='ocrx_word' id='word_1_41' title='bbox 395 545 429 599; x_wconf 88' lang='lat' dir='ltr'>qui</span> <span class='ocrx_word' id='word_1_42' title='bbox 448 558 500 599; x_wconf 89' lang='lat' dir='ltr'>opus</span> <span class='ocrx_word' id='word_1_43' title='bbox 515 550 654 600; x_wconf 88' lang='lat' dir='ltr'>reppererunt,</span> <span class='ocrx_word' id='word_1_44' title='bbox 670 547 710 587; x_wconf 89' lang='lat' dir='ltr'>iam</span> 
     </span>
     <span class='ocr_line' id='line_1_7' title="bbox 50 603 710 673; baseline 0.003 -15"><span class='ocrx_word' id='word_1_45' title='bbox 50 626 170 671; x_wconf 79' lang='lat' dir='ltr'>argumenta</span> <span class='ocrx_word' id='word_1_46' title='bbox 181 617 315 672; x_wconf 70' lang='lat' dir='ltr'>protulerunt,</span> <span class='ocrx_word' id='word_1_47' title='bbox 331 618 405 671; x_wconf 88' lang='lat' dir='ltr'>quibus</span> <span class='ocrx_word' id='word_1_48' title='bbox 415 618 467 659; x_wconf 91' lang='lat' dir='ltr'>haec</span> <span class='ocrx_word' id='word_1_49' title='bbox 482 603 582 673; x_wconf 68' lang='lat' dir='ltr'>qua&#39;estio&#39;</span> <span class='ocrx_word' id='word_1_50' title='bbox 590 618 641 659; x_wconf 79' lang='lat' dir='ltr'>sohri</span> <span class='ocrx_word' id='word_1_51' title='bbox 656 619 710 660; x_wconf 88' lang='lat' dir='ltr'>uide-</span> 
     </span>
     <span class='ocr_line' id='line_1_8' title="bbox 50 690 710 746; baseline 0.002 -14"><span class='ocrx_word' id='word_1_52' title='bbox 50 699 87 732; x_wconf 88' lang='lat' dir='ltr'>tur.</span> <span class='ocrx_word' id='word_1_53' title='bbox 118 690 206 733; x_wconf 86' lang='lat' dir='ltr'>Sanctus</span> <span class='ocrx_word' id='word_1_54' title='bbox 221 697 278 744; x_wconf 85' lang='lat' dir='ltr'>pater</span> <span class='ocrx_word' id='word_1_55' title='bbox 293 691 361 741; x_wconf 79' lang='lat' dir='ltr'>verba,</span> <span class='ocrx_word' id='word_1_56' title='bbox 379 690 453 745; x_wconf 83' lang='lat' dir='ltr'>quibus</span> <span class='ocrx_word' id='word_1_57' title='bbox 468 690 518 732; x_wconf 85' lang='lat' dir='ltr'>iiber</span> <span class='ocrx_word' id='word_1_58' title='bbox 534 690 619 732; x_wconf 83' lang='lat' dir='ltr'>Genesis</span> <span class='ocrx_word' id='word_1_59' title='bbox 634 691 710 746; x_wconf 80' lang='lat' dir='ltr'>incipit,</span> 
     </span>
     <span class='ocr_line' id='line_1_9' title="bbox 51 762 710 817; baseline -0.002 -12"><span class='ocrx_word' id='word_1_60' title='bbox 51 778 68 806; x_wconf 71' lang='lat' dir='ltr'>c,</span> <span class='ocrx_word' id='word_1_61' title='bbox 79 775 105 816; x_wconf 81' lang='lat'>43</span> <span class='ocrx_word' id='word_1_62' title='bbox 119 763 232 805; x_wconf 88' lang='lat' dir='ltr'>secundum</span> <span class='ocrx_word' id='word_1_63' title='bbox 243 763 359 804; x_wconf 77' lang='lat' dir='ltr'>hebraicam</span> <span class='ocrx_word' id='word_1_64' title='bbox 371 762 461 817; x_wconf 80' lang='lat' dir='ltr'>linguam</span> <span class='ocrx_word' id='word_1_65' title='bbox 472 762 548 804; x_wconf 88' lang='lat' dir='ltr'>laudat.</span> <span class='ocrx_word' id='word_1_66' title='bbox 568 763 710 817; x_wconf 73' lang='lat' dir='ltr'>interpretatio</span> 
     </span>
     <span class='ocr_line' id='line_1_10' title="bbox 51 836 712 891; baseline 0 -14"><span class='ocrx_word' id='word_1_67' title='bbox 51 843 119 877; x_wconf 87' lang='lat' dir='ltr'>autem</span> <span class='ocrx_word' id='word_1_68' title='bbox 135 849 217 878; x_wconf 91' lang='lat' dir='ltr'>armena</span> <span class='ocrx_word' id='word_1_69' title='bbox 226 836 260 877; x_wconf 85' lang='lat' dir='ltr'>ilia</span> <span class='ocrx_word' id='word_1_70' title='bbox 270 843 378 890; x_wconf 81' lang='lat' dir='ltr'>tantopere</span> <span class='ocrx_word' id='word_1_71' title='bbox 388 838 483 891; x_wconf 85' lang='lat' dir='ltr'>corrupit,</span> <span class='ocrx_word' id='word_1_72' title='bbox 499 842 522 876; x_wconf 91' lang='lat' dir='ltr'>ut</span> <span class='ocrx_word' id='word_1_73' title='bbox 531 850 603 877; x_wconf 91' lang='lat' dir='ltr'>sensus</span> <span class='ocrx_word' id='word_1_74' title='bbox 613 837 712 889; x_wconf 77' lang='lat' dir='ltr'>exiguum</span> 
     </span>
     <span class='ocr_line' id='line_1_11' title="bbox 50 908 712 966; baseline -0.002 -14"><span class='ocrx_word' id='word_1_75' title='bbox 50 911 159 966; x_wconf 82' lang='lat' dir='ltr'>uestigium</span> <span class='ocrx_word' id='word_1_76' title='bbox 175 918 293 953; x_wconf 84' lang='lat' dir='ltr'>remaneret.</span> <span class='ocrx_word' id='word_1_77' title='bbox 325 908 384 964; x_wconf 80' lang='lat' dir='ltr'>Quae</span> <span class='ocrx_word' id='word_1_78' title='bbox 399 911 416 952; x_wconf 92' lang='lat' dir='ltr'>si</span> <span class='ocrx_word' id='word_1_79' title='bbox 431 910 554 966; x_wconf 75' lang='lat' dir='ltr'>respexeris,</span> <span class='ocrx_word' id='word_1_80' title='bbox 575 910 654 966; x_wconf 84' lang='lat' dir='ltr'>optimo</span> <span class='ocrx_word' id='word_1_81' title='bbox 669 910 712 952; x_wconf 89' lang='lat' dir='ltr'>iure</span> 
     </span>
     <span class='ocr_line' id='line_1_12' title="bbox 51 983 764 1038; baseline 0 -14"><span class='ocrx_word' id='word_1_82' title='bbox 51 998 98 1024; x_wconf 89' lang='lat' dir='ltr'>cum</span> <span class='ocrx_word' id='word_1_83' title='bbox 113 983 145 1025; x_wconf 93' lang='lat' dir='ltr'>his</span> <span class='ocrx_word' id='word_1_84' title='bbox 160 984 227 1025; x_wconf 82' lang='lat' dir='ltr'>doctis</span> <span class='ocrx_word' id='word_1_85' title='bbox 242 984 338 1024; x_wconf 83' lang='lat' dir='ltr'>Armenis</span> <span class='ocrx_word' id='word_1_86' title='bbox 358 985 414 1024; x_wconf 91' lang='lat' dir='ltr'>dices</span> <span class='ocrx_word' id='word_1_87' title='bbox 433 985 564 1038; x_wconf 84' lang='lat' dir='ltr'>interpretem</span> <span class='ocrx_word' id='word_1_88' title='bbox 579 983 654 1037; x_wconf 86' lang='lat' dir='ltr'>Syrum</span> <span class='ocrx_word' id='word_1_89' title='bbox 670 990 712 1024; x_wconf 78' lang='lat' dir='ltr'>tex·</span> <span class='ocrx_word' id='word_1_90' title='bbox 762 1022 764 1024; x_wconf 85' lang='grc'><em>,</em></span> 
     </span>
     <span class='ocr_line' id='line_1_13' title="bbox 52 1055 767 1117; baseline 0.004 -21"><span class='ocrx_word' id='word_1_91' title='bbox 52 1064 94 1097; x_wconf 88' lang='lat' dir='ltr'>tum</span> <span class='ocrx_word' id='word_1_92' title='bbox 103 1055 221 1098; x_wconf 87' lang='lat' dir='ltr'>hebraicum</span> <span class='ocrx_word' id='word_1_93' title='bbox 229 1062 336 1110; x_wconf 76' lang='lat' dir='ltr'>tantopere</span> <span class='ocrx_word' id='word_1_94' title='bbox 347 1069 477 1110; x_wconf 90' lang='lat' dir='ltr'>corrumpere</span> <span class='ocrx_word' id='word_1_95' title='bbox 488 1070 529 1096; x_wconf 91' lang='lat' dir='ltr'>non</span> <span class='ocrx_word' id='word_1_96' title='bbox 538 1055 635 1109; x_wconf 80' lang='lat' dir='ltr'>potuisse,</span> <span class='ocrx_word' id='word_1_97' title='bbox 645 1069 713 1110; x_wconf 89' lang='lat' dir='ltr'>neque</span> <span class='ocrx_word' id='word_1_98' title='bbox 735 1113 737 1117; x_wconf 22' lang='grc' dir='ltr'><strong><em>ι</em></strong></span> <span class='ocrx_word' id='word_1_99' title='bbox 764 1095 767 1099; x_wconf 90' lang='grc'><em>.</em></span> 
     </span>
     <span class='ocr_line' id='line_1_14' title="bbox 52 1128 712 1184; baseline 0 -14"><span class='ocrx_word' id='word_1_100' title='bbox 52 1130 183 1183; x_wconf 87' lang='lat' dir='ltr'>interpretem</span> <span class='ocrx_word' id='word_1_101' title='bbox 188 1128 308 1180; x_wconf 80' lang='lat' dir='ltr'>Armenum,</span> <span class='ocrx_word' id='word_1_102' title='bbox 320 1131 355 1183; x_wconf 90' lang='lat' dir='ltr'>qui</span> <span class='ocrx_word' id='word_1_103' title='bbox 365 1144 376 1170; x_wconf 89' lang='lat' dir='ltr'>e</span> <span class='ocrx_word' id='word_1_104' title='bbox 386 1129 465 1183; x_wconf 87' lang='lat' dir='ltr'>syriaca</span> <span class='ocrx_word' id='word_1_105' title='bbox 473 1129 542 1183; x_wconf 81' lang='lat' dir='ltr'>lingua</span> <span class='ocrx_word' id='word_1_106' title='bbox 552 1143 605 1184; x_wconf 87' lang='lat' dir='ltr'>opus</span> <span class='ocrx_word' id='word_1_107' title='bbox 613 1128 712 1179; x_wconf 86' lang='lat' dir='ltr'>vertisset,</span> 
     </span>
     <span class='ocr_line' id='line_1_15' title="bbox 52 1200 713 1256; baseline 0.002 -14"><span class='ocrx_word' id='word_1_108' title='bbox 52 1207 133 1242; x_wconf 83' lang='lat' dir='ltr'>textum</span> <span class='ocrx_word' id='word_1_109' title='bbox 148 1206 204 1243; x_wconf 90' lang='lat' dir='ltr'>tanta</span> <span class='ocrx_word' id='word_1_110' title='bbox 223 1200 352 1256; x_wconf 85' lang='lat' dir='ltr'>corruptione</span> <span class='ocrx_word' id='word_1_111' title='bbox 367 1201 478 1248; x_wconf 86' lang='lat' dir='ltr'>uerborum</span> <span class='ocrx_word' id='word_1_112' title='bbox 498 1201 590 1242; x_wconf 79' lang='lat' dir='ltr'>admixta</span> <span class='ocrx_word' id='word_1_113' title='bbox 608 1215 619 1241; x_wconf 89' lang='lat' dir='ltr'>e</span> <span class='ocrx_word' id='word_1_114' title='bbox 633 1201 713 1254; x_wconf 89' lang='lat' dir='ltr'>syriaco</span> 
     </span>
     <span class='ocr_line' id='line_1_16' title="bbox 54 1274 714 1330; baseline 0 -15"><span class='ocrx_word' id='word_1_115' title='bbox 54 1274 167 1330; x_wconf 88' lang='lat' dir='ltr'>archetypo</span> <span class='ocrx_word' id='word_1_116' title='bbox 182 1275 355 1329; x_wconf 75' lang='lat' dir='ltr'>transsumpsisse,</span> <span class='ocrx_word' id='word_1_117' title='bbox 372 1288 418 1316; x_wconf 89' lang='lat' dir='ltr'>cum</span> <span class='ocrx_word' id='word_1_118' title='bbox 435 1274 526 1328; x_wconf 86' lang='lat' dir='ltr'>syriacae</span> <span class='ocrx_word' id='word_1_119' title='bbox 541 1274 623 1329; x_wconf 79' lang='lat' dir='ltr'>linguae</span> <span class='ocrx_word' id='word_1_120' title='bbox 638 1275 714 1329; x_wconf 87' lang='lat' dir='ltr'>peritus</span> 
     </span>
     <span class='ocr_line' id='line_1_17' title="bbox 53 1346 714 1403; baseline 0 -15"><span class='ocrx_word' id='word_1_121' title='bbox 53 1347 176 1389; x_wconf 90' lang='lat' dir='ltr'>mendosum</span> <span class='ocrx_word' id='word_1_122' title='bbox 184 1360 229 1388; x_wconf 89' lang='lat' dir='ltr'>esse</span> <span class='ocrx_word' id='word_1_123' title='bbox 236 1346 304 1390; x_wconf 87' lang='lat' dir='ltr'>locum</span> <span class='ocrx_word' id='word_1_124' title='bbox 311 1347 486 1403; x_wconf 87' lang='lat' dir='ltr'>deprehendisset.</span> <span class='ocrx_word' id='word_1_125' title='bbox 502 1346 571 1388; x_wconf 83' lang='lat' dir='ltr'>Facite</span> <span class='ocrx_word' id='word_1_126' title='bbox 582 1352 648 1388; x_wconf 90' lang='lat' dir='ltr'>autem</span> <span class='ocrx_word' id='word_1_127' title='bbox 658 1346 714 1389; x_wconf 88' lang='lat' dir='ltr'>intel·</span> 
     </span>
     <span class='ocr_line' id='line_1_18' title="bbox 54 1419 714 1475; baseline 0.002 -15"><span class='ocrx_word' id='word_1_128' title='bbox 54 1419 133 1474; x_wconf 78' lang='lat' dir='ltr'>legitur,</span> <span class='ocrx_word' id='word_1_129' title='bbox 149 1420 255 1475; x_wconf 90' lang='lat' dir='ltr'>quomodo</span> <span class='ocrx_word' id='word_1_130' title='bbox 269 1420 361 1462; x_wconf 87' lang='lat' dir='ltr'>librarius</span> <span class='ocrx_word' id='word_1_131' title='bbox 372 1419 469 1471; x_wconf 83' lang='lat' dir='ltr'>Graecus,</span> <span class='ocrx_word' id='word_1_132' title='bbox 486 1420 521 1474; x_wconf 91' lang='lat' dir='ltr'>qui</span> <span class='ocrx_word' id='word_1_133' title='bbox 536 1434 603 1475; x_wconf 86' lang='lat' dir='ltr'>neque</span> <span class='ocrx_word' id='word_1_134' title='bbox 619 1420 714 1462; x_wconf 87' lang='lat' dir='ltr'>hebraica</span> 
     </span>
     <span class='ocr_line' id='line_1_19' title="bbox 54 1491 713 1547; baseline 0.002 -14"><span class='ocrx_word' id='word_1_135' title='bbox 54 1506 121 1547; x_wconf 89' lang='lat' dir='ltr'>neque</span> <span class='ocrx_word' id='word_1_136' title='bbox 134 1493 213 1547; x_wconf 85' lang='lat' dir='ltr'>syriaca</span> <span class='ocrx_word' id='word_1_137' title='bbox 223 1491 292 1547; x_wconf 86' lang='lat' dir='ltr'>lingua</span> <span class='ocrx_word' id='word_1_138' title='bbox 302 1491 431 1547; x_wconf 86' lang='lat' dir='ltr'>loquebatur,</span> <span class='ocrx_word' id='word_1_139' title='bbox 447 1506 525 1533; x_wconf 88' lang='lat' dir='ltr'>errores</span> <span class='ocrx_word' id='word_1_140' title='bbox 537 1492 661 1533; x_wconf 90' lang='lat' dir='ltr'>commiserit</span> <span class='ocrx_word' id='word_1_141' title='bbox 672 1506 713 1534; x_wconf 89' lang='lat' dir='ltr'>eos-</span> 
     </span>
     <span class='ocr_line' id='line_1_20' title="bbox 54 1563 715 1620; baseline 0.002 -15"><span class='ocrx_word' id='word_1_142' title='bbox 54 1579 94 1619; x_wconf 88' lang='lat' dir='ltr'>que</span> <span class='ocrx_word' id='word_1_143' title='bbox 110 1566 230 1607; x_wconf 89' lang='lat' dir='ltr'>commissos</span> <span class='ocrx_word' id='word_1_144' title='bbox 241 1580 268 1606; x_wconf 72' lang='lat' dir='ltr'>ex</span> <span class='ocrx_word' id='word_1_145' title='bbox 278 1564 391 1620; x_wconf 89' lang='lat' dir='ltr'>archetypo</span> <span class='ocrx_word' id='word_1_146' title='bbox 402 1579 439 1606; x_wconf 91' lang='lat' dir='ltr'>suo</span> <span class='ocrx_word' id='word_1_147' title='bbox 450 1564 584 1619; x_wconf 67' lang='lat' dir='ltr'>descripserit,</span> <span class='ocrx_word' id='word_1_148' title='bbox 604 1563 715 1607; x_wconf 84' lang='lat' dir='ltr'>Confirma-</span> 
     </span>
     <span class='ocr_line' id='line_1_21' title="bbox 54 1636 715 1693; baseline 0.002 -17"><span class='ocrx_word' id='word_1_149' title='bbox 54 1643 86 1677; x_wconf 91' lang='lat' dir='ltr'>tur</span> <span class='ocrx_word' id='word_1_150' title='bbox 101 1637 183 1693; x_wconf 86' lang='lat' dir='ltr'>iusuper</span> <span class='ocrx_word' id='word_1_151' title='bbox 198 1637 238 1678; x_wconf 89' lang='lat' dir='ltr'>hoc</span> <span class='ocrx_word' id='word_1_152' title='bbox 253 1644 396 1692; x_wconf 83' lang='lat' dir='ltr'>argumentum</span> <span class='ocrx_word' id='word_1_153' title='bbox 417 1637 480 1678; x_wconf 89' lang='lat' dir='ltr'>modo</span> <span class='ocrx_word' id='word_1_154' title='bbox 495 1636 598 1678; x_wconf 90' lang='lat' dir='ltr'>scribendi</span> <span class='ocrx_word' id='word_1_155' title='bbox 613 1637 715 1691; x_wconf 87' lang='lat' dir='ltr'>quaedam</span> 
     </span>
     <span class='ocr_line' id='line_1_22' title="bbox 54 1709 714 1766; baseline 0.002 -15"><span class='ocrx_word' id='word_1_156' title='bbox 54 1710 122 1762; x_wconf 81' lang='lat' dir='ltr'>uerba,</span> <span class='ocrx_word' id='word_1_157' title='bbox 139 1725 191 1766; x_wconf 90' lang='lat' dir='ltr'>quae</span> <span class='ocrx_word' id='word_1_158' title='bbox 205 1723 217 1751; x_wconf 91' lang='lat' dir='ltr'>a</span> <span class='ocrx_word' id='word_1_159' title='bbox 233 1710 317 1752; x_wconf 88' lang='lat' dir='ltr'>Graecis</span> <span class='ocrx_word' id='word_1_160' title='bbox 332 1718 352 1752; x_wconf 82' lang='lat' dir='ltr'>et</span> <span class='ocrx_word' id='word_1_161' title='bbox 367 1709 423 1764; x_wconf 86' lang='lat' dir='ltr'>Syris</span> <span class='ocrx_word' id='word_1_162' title='bbox 439 1710 519 1752; x_wconf 87' lang='lat' dir='ltr'>diuerso</span> <span class='ocrx_word' id='word_1_163' title='bbox 535 1710 598 1752; x_wconf 91' lang='lat' dir='ltr'>modo</span> <span class='ocrx_word' id='word_1_164' title='bbox 614 1717 714 1752; x_wconf 91' lang='lat' dir='ltr'>notantur.</span> 
     </span>
     <span class='ocr_line' id='line_1_23' title="bbox 54 1784 716 1826; baseline -0.002 -1"><span class='ocrx_word' id='word_1_165' title='bbox 54 1784 128 1825; x_wconf 79' lang='lat' dir='ltr'>Versio</span> <span class='ocrx_word' id='word_1_166' title='bbox 136 1798 219 1826; x_wconf 87' lang='lat' dir='ltr'>armena</span> <span class='ocrx_word' id='word_1_167' title='bbox 227 1784 278 1826; x_wconf 86' lang='lat' dir='ltr'>haec</span> <span class='ocrx_word' id='word_1_168' title='bbox 286 1784 412 1825; x_wconf 87' lang='lat' dir='ltr'>Graecorum</span> <span class='ocrx_word' id='word_1_169' title='bbox 423 1797 479 1825; x_wconf 91' lang='lat' dir='ltr'>more</span> <span class='ocrx_word' id='word_1_170' title='bbox 489 1784 587 1825; x_wconf 70' lang='lat' dir='ltr'>obaresit»</span> <span class='ocrx_word' id='word_1_171' title='bbox 598 1791 618 1824; x_wconf 86' lang='lat' dir='ltr'>et</span> <span class='ocrx_word' id='word_1_172' title='bbox 627 1797 716 1825; x_wconf 78' lang='lat' dir='ltr'>«samen-</span> 
     </span>
     <span class='ocr_line' id='line_1_24' title="bbox 55 1855 716 1912; baseline 0 -13"><span class='ocrx_word' id='word_1_173' title='bbox 55 1864 119 1899; x_wconf 79' lang='lat' dir='ltr'>tares»</span> <span class='ocrx_word' id='word_1_174' title='bbox 138 1856 228 1909; x_wconf 81' lang='lat' dir='ltr'>exhibet,</span> <span class='ocrx_word' id='word_1_175' title='bbox 249 1857 283 1899; x_wconf 87' lang='lat' dir='ltr'>ubi</span> <span class='ocrx_word' id='word_1_176' title='bbox 299 1863 370 1899; x_wconf 86' lang='lat' dir='ltr'>auctor</span> <span class='ocrx_word' id='word_1_177' title='bbox 385 1855 449 1912; x_wconf 89' lang='lat' dir='ltr'>Syrus</span> <span class='ocrx_word' id='word_1_178' title='bbox 467 1856 592 1899; x_wconf 84' lang='lat' dir='ltr'>«baresclrit»</span> <span class='ocrx_word' id='word_1_179' title='bbox 611 1863 632 1898; x_wconf 90' lang='lat' dir='ltr'>et</span> <span class='ocrx_word' id='word_1_180' title='bbox 649 1855 716 1899; x_wconf 81' lang='lat' dir='ltr'>«scha-</span> 
     </span>
     <span class='ocr_line' id='line_1_25' title="bbox 56 1929 715 1984; baseline -0.002 -13"><span class='ocrx_word' id='word_1_181' title='bbox 56 1936 168 1972; x_wconf 78' lang='lat' dir='ltr'>mentares»</span> <span class='ocrx_word' id='word_1_182' title='bbox 186 1931 304 1984; x_wconf 87' lang='lat' dir='ltr'>scripsisset.</span> <span class='ocrx_word' id='word_1_183' title='bbox 335 1929 395 1984; x_wconf 75' lang='lat' dir='ltr'>Quae</span> <span class='ocrx_word' id='word_1_184' title='bbox 410 1930 497 1971; x_wconf 88' lang='lat' dir='ltr'>rationes</span> <span class='ocrx_word' id='word_1_185' title='bbox 513 1937 555 1971; x_wconf 89' lang='lat' dir='ltr'>tam</span> <span class='ocrx_word' id='word_1_186' title='bbox 570 1943 643 1984; x_wconf 80' lang='lat' dir='ltr'>graues</span> <span class='ocrx_word' id='word_1_187' title='bbox 662 1936 715 1980; x_wconf 80' lang='lat' dir='ltr'>sunt,</span> 
     </span>
     <span class='ocr_line' id='line_1_26' title="bbox 55 2002 717 2057; baseline 0 -14"><span class='ocrx_word' id='word_1_188' title='bbox 55 2009 77 2043; x_wconf 91' lang='lat' dir='ltr'>ut</span> <span class='ocrx_word' id='word_1_189' title='bbox 85 2003 176 2057; x_wconf 78' lang='lat' dir='ltr'>vestigia,</span> <span class='ocrx_word' id='word_1_190' title='bbox 186 2016 239 2056; x_wconf 90' lang='lat' dir='ltr'>quae</span> <span class='ocrx_word' id='word_1_191' title='bbox 246 2003 346 2056; x_wconf 87' lang='lat' dir='ltr'>syriacam</span> <span class='ocrx_word' id='word_1_192' title='bbox 355 2003 454 2057; x_wconf 84' lang='lat' dir='ltr'>originem</span> <span class='ocrx_word' id='word_1_193' title='bbox 463 2003 549 2043; x_wconf 88' lang='lat' dir='ltr'>suadere</span> <span class='ocrx_word' id='word_1_194' title='bbox 558 2002 642 2057; x_wconf 81' lang='lat' dir='ltr'>possint,</span> <span class='ocrx_word' id='word_1_195' title='bbox 652 2015 717 2056; x_wconf 89' lang='lat' dir='ltr'>paene</span> 
     </span>
     <span class='ocr_line' id='line_1_27' title="bbox 56 2074 717 2130; baseline 0.002 -15"><span class='ocrx_word' id='word_1_196' title='bbox 56 2075 104 2116; x_wconf 90' lang='lat' dir='ltr'>nihil</span> <span class='ocrx_word' id='word_1_197' title='bbox 119 2076 186 2117; x_wconf 87' lang='lat' dir='ltr'>vaiere</span> <span class='ocrx_word' id='word_1_198' title='bbox 201 2075 314 2117; x_wconf 88' lang='lat' dir='ltr'>videantur.</span> <span class='ocrx_word' id='word_1_199' title='bbox 337 2076 360 2117; x_wconf 79' lang='lat' dir='ltr'>in</span> <span class='ocrx_word' id='word_1_200' title='bbox 372 2088 455 2116; x_wconf 92' lang='lat' dir='ltr'>armena</span> <span class='ocrx_word' id='word_1_201' title='bbox 464 2075 630 2130; x_wconf 86' lang='lat' dir='ltr'>interpretatione</span> <span class='ocrx_word' id='word_1_202' title='bbox 641 2074 717 2116; x_wconf 82' lang='lat' dir='ltr'>irenaei</span> 
     </span>
     <span class='ocr_line' id='line_1_28' title="bbox 57 2148 718 2204; baseline 0.002 -14"><span class='ocrx_word' id='word_1_203' title='bbox 57 2149 124 2204; x_wconf 92' lang='lat' dir='ltr'>operis</span> <span class='ocrx_word' id='word_1_204' title='bbox 138 2149 246 2191; x_wconf 82' lang='lat' dir='ltr'>Aduersus</span> <span class='ocrx_word' id='word_1_205' title='bbox 261 2149 355 2191; x_wconf 84' lang='lat' dir='ltr'>haereses</span> <span class='ocrx_word' id='word_1_206' title='bbox 374 2149 424 2191; x_wconf 90' lang='lat' dir='ltr'>editi</span> <span class='ocrx_word' id='word_1_207' title='bbox 442 2164 519 2191; x_wconf 90' lang='lat' dir='ltr'>nomen</span> <span class='ocrx_word' id='word_1_208' title='bbox 534 2148 554 2191; x_wconf 36' lang='lat' dir='ltr'>Si</span> <span class='ocrx_word' id='word_1_209' title='bbox 565 2148 672 2191; x_wconf 87' lang='lat' dir='ltr'>Elisabeth</span> <span class='ocrx_word' id='word_1_210' title='bbox 686 2163 718 2204; x_wconf 93' lang='lat' dir='ltr'>sy-</span> 
     </span>
     <span class='ocr_line' id='line_1_29' title="bbox 57 2220 718 2278; baseline 0.002 -15"><span class='ocrx_word' id='word_1_211' title='bbox 57 2223 110 2264; x_wconf 91' lang='lat' dir='ltr'>riaca</span> <span class='ocrx_word' id='word_1_212' title='bbox 126 2222 190 2264; x_wconf 81' lang='lat' dir='ltr'>forma</span> <span class='ocrx_word' id='word_1_213' title='bbox 199 2222 332 2264; x_wconf 89' lang='lat' dir='ltr'>Elischabeth</span> <span class='ocrx_word' id='word_1_214' title='bbox 348 2220 498 2278; x_wconf 82' lang='lat' dir='ltr'>scriptumest.</span> <span class='ocrx_word' id='word_1_215' title='bbox 521 2223 601 2265; x_wconf 88' lang='lat' dir='ltr'>Ibidem</span> <span class='ocrx_word' id='word_1_216' title='bbox 616 2223 718 2278; x_wconf 91' lang='lat' dir='ltr'>propheta</span> 
     </span>
     <span class='ocr_line' id='line_1_30' title="bbox 57 2291 718 2351; baseline 0 -15"><span class='ocrx_word' id='word_1_217' title='bbox 57 2293 168 2337; x_wconf 81' lang='lat' dir='ltr'>ntatachias</span> <span class='ocrx_word' id='word_1_218' title='bbox 183 2295 265 2337; x_wconf 87' lang='lat' dir='ltr'>nomine</span> <span class='ocrx_word' id='word_1_219' title='bbox 280 2296 369 2349; x_wconf 76' lang='lat' dir='ltr'>«angeli»</span> <span class='ocrx_word' id='word_1_220' title='bbox 382 2291 487 2338; x_wconf 87' lang='lat' dir='ltr'>inducitur</span> <span class='ocrx_word' id='word_1_221' title='bbox 503 2296 558 2338; x_wconf 87' lang='lat' dir='ltr'>etin</span> <span class='ocrx_word' id='word_1_222' title='bbox 573 2297 617 2351; x_wconf 90' lang='lat' dir='ltr'>ipsa</span> <span class='ocrx_word' id='word_1_223' title='bbox 627 2295 718 2337; x_wconf 88' lang='lat' dir='ltr'>Demon-</span> 
     </span>
    </p>
   </div>
   <div class='ocr_carea' id='block_1_3' title="bbox 57 2369 783 2424">
    <p class='ocr_par' dir='ltr' id='par_1_3' title="bbox 57 2369 783 2424">
     <span class='ocr_line' id='line_1_31' title="bbox 57 2369 783 2424; baseline 0.001 -15"><span class='ocrx_word' id='word_1_224' title='bbox 57 2369 155 2410; x_wconf 93' lang='lat' dir='ltr'>stratione</span> <span class='ocrx_word' id='word_1_225' title='bbox 170 2369 295 2423; x_wconf 85' lang='lat' dir='ltr'>apostolicae</span> <span class='ocrx_word' id='word_1_226' title='bbox 311 2370 467 2424; x_wconf 86' lang='lat' dir='ltr'>praedicationis</span> <span class='ocrx_word' id='word_1_227' title='bbox 482 2370 507 2424; x_wconf 88' lang='lat' dir='ltr'>(c.</span> <span class='ocrx_word' id='word_1_228' title='bbox 519 2370 555 2424; x_wconf 80' lang='lat'>65)</span> <span class='ocrx_word' id='word_1_229' title='bbox 567 2370 642 2411; x_wconf 87' lang='lat' dir='ltr'>Sacrae</span> <span class='ocrx_word' id='word_1_230' title='bbox 652 2369 718 2424; x_wconf 87' lang='lat' dir='ltr'>Scrip·</span> <span class='ocrx_word' id='word_1_231' title='bbox 782 2396 783 2399; x_wconf 58' lang='lat'><em>=</em></span> 
     </span>
    </p>
   </div>
   <div class='ocr_carea' id='block_1_4' title="bbox 58 2442 719 2629">
    <p class='ocr_par' dir='ltr' id='par_1_4' title="bbox 58 2442 719 2629">
     <span class='ocr_line' id='line_1_32' title="bbox 58 2442 718 2504; baseline 0.002 -23"><span class='ocrx_word' id='word_1_232' title='bbox 58 2448 115 2504; x_wconf 82' lang='lat' dir='ltr'>turae</span> <span class='ocrx_word' id='word_1_233' title='bbox 130 2442 191 2486; x_wconf 77' lang='lat' dir='ltr'>locus¹</span> <span class='ocrx_word' id='word_1_234' title='bbox 203 2442 256 2494; x_wconf 90' lang='lat' dir='ltr'>apud</span> <span class='ocrx_word' id='word_1_235' title='bbox 272 2442 395 2495; x_wconf 84' lang='lat' dir='ltr'>prophetam</span> <span class='ocrx_word' id='word_1_236' title='bbox 409 2442 528 2483; x_wconf 90' lang='lat' dir='ltr'>Zachariam</span> <span class='ocrx_word' id='word_1_237' title='bbox 544 2443 569 2495; x_wconf 87' lang='lat' dir='ltr'>(c.</span> <span class='ocrx_word' id='word_1_238' title='bbox 581 2454 600 2494; x_wconf 79' lang='lat'>9,</span> <span class='ocrx_word' id='word_1_239' title='bbox 613 2442 633 2495; x_wconf 78' lang='grc'>9)</span> <span class='ocrx_word' id='word_1_240' title='bbox 648 2455 718 2484; x_wconf 89' lang='lat' dir='ltr'>secun-</span> 
     </span>
     <span class='ocr_line' id='line_1_33' title="bbox 58 2513 718 2568; baseline 0.005 -14"><span class='ocrx_word' id='word_1_241' title='bbox 58 2514 108 2555; x_wconf 92' lang='lat' dir='ltr'>dum</span> <span class='ocrx_word' id='word_1_242' title='bbox 118 2513 234 2556; x_wconf 88' lang='lat' dir='ltr'>hebraicam</span> <span class='ocrx_word' id='word_1_243' title='bbox 250 2515 292 2556; x_wconf 86' lang='lat' dir='ltr'>sive</span> <span class='ocrx_word' id='word_1_244' title='bbox 302 2515 401 2568; x_wconf 88' lang='lat' dir='ltr'>syriacam</span> <span class='ocrx_word' id='word_1_245' title='bbox 412 2516 508 2557; x_wconf 88' lang='lat' dir='ltr'>orationis</span> <span class='ocrx_word' id='word_1_246' title='bbox 519 2515 606 2557; x_wconf 84' lang='lat' dir='ltr'>formam</span> <span class='ocrx_word' id='word_1_247' title='bbox 619 2514 718 2557; x_wconf 87' lang='lat' dir='ltr'>laudatur.</span> 
     </span>
     <span class='ocr_line' id='line_1_34' title="bbox 58 2586 719 2629; baseline 0 -1"><span class='ocrx_word' id='word_1_248' title='bbox 58 2586 100 2628; x_wconf 88' lang='lat' dir='ltr'>Sed</span> <span class='ocrx_word' id='word_1_249' title='bbox 112 2586 177 2628; x_wconf 80' lang='lat' dir='ltr'>forma</span> <span class='ocrx_word' id='word_1_250' title='bbox 192 2588 279 2628; x_wconf 89' lang='lat' dir='ltr'>nominis</span> <span class='ocrx_word' id='word_1_251' title='bbox 289 2587 422 2629; x_wconf 85' lang='lat' dir='ltr'>Elischabeth</span> <span class='ocrx_word' id='word_1_252' title='bbox 437 2588 477 2629; x_wconf 87' lang='lat' dir='ltr'>iam</span> <span class='ocrx_word' id='word_1_253' title='bbox 488 2587 536 2629; x_wconf 82' lang='lat' dir='ltr'>aiias</span> <span class='ocrx_word' id='word_1_254' title='bbox 549 2587 569 2629; x_wconf 91' lang='lat' dir='ltr'>in</span> <span class='ocrx_word' id='word_1_255' title='bbox 579 2587 719 2628; x_wconf 81' lang='lat' dir='ltr'>Armenorum</span> 
     </span>
    </p>
   </div>
   <div class='ocr_carea' id='block_1_5' title="bbox 0 0 821 2792">
    <p class='ocr_par' dir='ltr' id='par_1_5' title="bbox 0 0 821 2792">
     <span class='ocr_line' id='line_1_35' title="bbox 0 0 821 2792; baseline 0 0"><span class='ocrx_word' id='word_1_256' title='bbox 0 0 821 2792; x_wconf 95' lang='lat' dir='ltr'> </span> 
     </span>
    </p>
   </div>
  </div>
 </body>
</html>
