1606 2792
270 117 297 149 IV.
311 117 336 149 De
348 116 402 159 operis
414 115 469 149 indole
481 123 497 148 et
508 115 545 149 fine.
719 123 738 154 19

77 226 227 281 praedicantur,
241 226 309 267 omnia
319 225 345 266 ab
355 225 448 266 Ecclesia
458 223 510 265 illius
520 224 593 265 aetatis
603 222 668 264 aliena
679 222 740 265 fuisse

78 305 157 354 putant,
177 297 212 354 qui
227 312 280 353 opus
296 297 389 353 spiritum
407 297 586 339 «reformatorum»
605 296 739 352 posteriorum

78 371 207 413 saeculorum
223 370 319 413 redolere·
330 370 431 412 affirmare
446 371 529 413 audent,
591 416 593 419 ,

105 444 181 501 Neque
201 443 304 487 dubitabis
322 444 363 487 hoc
378 443 474 487 iudicium
490 443 516 486 de
532 458 556 485 ea
571 442 667 499 opinione
683 441 741 493 ferre,

79 532 133 572 quae
152 517 267 559 doctrinam
286 516 313 558 de
332 516 424 558 moribus
443 517 469 557 ab
484 517 569 558 Irenaeo
584 516 624 557 hoc
641 514 742 570 opusculo

80 591 176 633 traditam
191 589 294 632 coloribus
304 589 409 632 doctrinae
423 602 435 631 a
447 588 638 639 «reformatoribus»
651 588 743 644 prolatae

80 664 164 706 tinctam
180 677 225 704 esse
240 663 317 712 dicunt,
337 675 385 704 cum
400 662 497 712 nesciant,
517 675 570 715 quae
585 674 654 702 revera
669 660 743 702 Catho·

81 736 166 778 licorum
186 734 290 777 moraliter
308 735 384 789 agendi
403 734 443 775 sint
462 733 560 787 principia
575 745 669 787 quaeque
689 738 744 774 arcta

81 823 153 851 eorum
168 822 215 849 curn
230 808 333 850 veteribus
348 820 410 849 sanae
425 807 531 848 doctrinae
546 807 663 848 concordia.
690 806 744 847 Nam

82 881 102 925 S⁴
113 881 215 932 irenaeus
236 882 271 936 qui
290 882 310 923 in
325 890 381 934 c.97
397 880 487 934 scripsit:
509 880 653 934 «Ubicumque
673 879 745 934 aliquis

83 971 94 998 e
109 954 241 998 credentibus
256 955 274 996 ei
289 954 393 997 invocabit
404 968 479 996 nomen
489 954 536 996 lesu
547 952 621 996 Christi
632 953 746 1008 deprecans

83 1044 131 1071 eum
146 1034 167 1070 et
177 1027 252 1070 iaciens
262 1027 390 1070 uoluntatem
401 1028 450 1078 eius,
466 1041 531 1083 prope
547 1035 567 1069 et
578 1040 674 1082 praesens
688 1027 746 1068 adest

84 1101 190 1156 perficiens
206 1114 277 1155 preces
292 1114 370 1151 eorum,
389 1101 425 1156 qui
439 1102 517 1142 mundo
533 1102 596 1142 corde
611 1101 747 1156 deprecantur

84 1189 152 1224 eum»,
168 1173 298 1228 quantumvis
308 1172 357 1214 fidei
372 1174 398 1214 acl
409 1173 572 1215 iustificationem
588 1175 629 1215 vim
645 1179 665 1215 et
679 1186 747 1215 neces-

84 1248 165 1290 sitatem
181 1248 262 1297 doceat,
282 1260 395 1300 numquam
411 1260 474 1301 opera
491 1246 619 1288 adsalutem
634 1247 748 1287 necessaria

86 1333 130 1361 esse
145 1320 233 1374 negavit.
257 1317 278 1360 Si
292 1319 402 1374 episcopus
412 1308 559 1374 Lugdunensis
569 1320 588 1360 in
599 1332 664 1374 regno
674 1318 749 1360 Christi

86 1407 127 1435 non
143 1392 211 1448 urgeri
225 1393 322 1434 mandata
333 1392 385 1434 dixit
395 1393 420 1446 (c.
432 1392 474 1446 96),
490 1406 532 1434 non
547 1398 569 1434 ut
579 1407 609 1445 ea,
626 1405 679 1447 quae
694 1406 749 1435 man-

87 1466 139 1507 datis
154 1468 255 1523 iubentur,
275 1465 438 1518 neglegerentur,
455 1465 562 1516 concessit,
582 1479 653 1506 verum
669 1479 693 1506 ea
708 1479 748 1505 non

86 1536 172 1580 servius
191 1537 266 1591 ingenii
286 1536 417 1579 oboedientia
436 1537 473 1578 sed
494 1536 556 1579 libera
574 1537 624 1579 boni
639 1536 749 1579 dilectione

88 1608 181 1653 facienda
196 1624 241 1653 esse
256 1601 398 1668 demonstrare
409 1609 480 1661 uoluit,
497 1618 519 1653 ut
529 1611 632 1665 perlectus
643 1612 700 1666 regni
710 1610 750 1653 Dei

88 1684 137 1726 civis
156 1698 197 1726 uon
217 1684 336 1734 haberetur,
357 1684 392 1737 qui
410 1683 477 1725 solum
497 1689 582 1725 coactus
599 1684 654 1725 bona
669 1683 750 1726 laceret.

89 1755 152 1798 Cuius
171 1758 199 1798 rei
219 1757 280 1798 etiam
299 1746 379 1798 memor
393 1756 420 1798 sis
436 1762 528 1810 oportet,
549 1756 607 1798 side
625 1756 753 1799 caerimoniis

90 1843 143 1885 quae
153 1830 244 1881 senserit,
255 1830 345 1884 inquiris.
362 1827 404 1883 Qui
414 1829 504 1883 scripsit:
515 1828 590 1885 Neque
599 1831 680 1873 iubetur
690 1845 753 1872 unum

91 1904 145 1945 diem
165 1903 261 1959 requietis
277 1916 350 1944 vacare
370 1903 405 1958 qui
424 1916 506 1958 semper
522 1902 633 1946 sabbatum
651 1905 753 1956 observat,

91 1976 193 2031 idipsum
210 1983 240 2018 est
255 1977 275 2017 in
290 1976 370 2030 templo
384 1976 424 2016 Dei
444 1976 501 2030 quod
520 1983 550 2017 est
570 1990 645 2031 corpus
660 1977 753 2028 hominis,

91 2048 195 2091 seruitium
215 2049 282 2095 cultus
300 2049 348 2092 facit
363 2050 410 2093 Deo
429 2057 451 2093 et
469 2050 526 2093 omni
545 2056 639 2105 tempore
659 2059 755 2107 operatur

92 2122 198 2173 iustitiam,
222 2121 305 2164 abolere
327 2136 369 2164 non
391 2122 456 2166 voluit
477 2124 537 2165 unius
557 2123 598 2166 diei
618 2123 756 2166 hebdomadis

92 2193 281 2246 sanctificationem,
297 2196 335 2237 sed
350 2208 396 2237 eam
411 2209 453 2238 non
468 2195 534 2238 servili
549 2196 631 2252 ingenio
642 2210 691 2252 erga
702 2211 756 2239 man·

94 2268 165 2309 datum
180 2267 220 2309 Dei
235 2269 332 2322 praestita
352 2268 483 2310 oboedientia
500 2283 571 2311 verum
587 2269 651 2312 libera
665 2270 757 2314 fidelium

94 2353 143 2394 erga
153 2340 222 2382 Deum
237 2341 313 2396 pietate
329 2340 457 2383 efficiendam
473 2355 517 2383 esse
533 2341 673 2397 proclamavit.
695 2342 757 2387 Felici

95 2413 185 2467 quadam
201 2428 248 2455 cum
263 2414 389 2456 abundantia
399 2415 511 2469 discipulus
521 2415 629 2471 Polycarpi
640 2431 680 2459 non
691 2417 758 2459 solum

96 2487 122 2526 de
137 2487 197 2528 tertio
213 2486 308 2541 decalogi
323 2488 431 2540 mandato,
451 2489 487 2529 sed
508 2489 569 2530 etiarn
589 2489 615 2531 de
630 2489 712 2544 quinto,
732 2490 768 2531 de'

96 2564 167 2610 sexto,
187 2560 214 2601 de
234 2560 315 2602 decimo
334 2562 362 2602 ita
381 2560 463 2603 locutus
482 2568 528 2612 est,
544 2569 576 2612 ut,
598 2562 633 2617 qui
653 2563 679 2604 de
699 2563 758 2604 tertio

633 2636 659 2666 ψ
