1606 2792
63 147 83 169 1ο
331 135 452 179 Prolegomena.

61 260 99 288 suo
115 245 212 288 aduersus
222 245 335 286 haereticos
346 243 397 286 libro
408 245 423 295 I,
436 256 446 286 2
450 256 461 298 3
473 244 600 287 adhibentur,
623 245 722 287 Attamen

62 318 141 360 silentio
156 318 329 372 praetereundum
344 330 385 358 non
400 324 431 359 est
446 317 540 366 eundem,
561 331 614 371 quae
629 317 723 359 irenaeus

63 404 80 432 c.
93 392 117 433 18
134 396 287 440 commemorat,
303 389 331 431 ibi
347 390 429 431 minime
444 395 487 431 rata
502 390 584 433 habere.

91 468 126 511 Ad
137 469 276 524 quaestionem
285 468 437 511 diiudicandam
448 470 509 511 etiarn
519 470 723 512 animaduertendum

63 549 94 583 est
109 556 162 597 opus
175 541 252 583 Eznikii
267 543 386 596 inscriptum
402 554 446 583 esse
464 541 543 596 «jeghts
559 542 678 596 aghandoz»
691 541 724 584 vel

66 615 174 670 «J'enddem
190 614 317 669 aghandozo,
343 614 445 656 Posterius
454 614 532 656 irenaei
548 614 643 669 polemici
658 615 725 670 operis

63 688 216 741 inscriptionem
231 688 310 741 repetit,
326 701 379 741 quae
393 687 499 728 Adversus
515 688 608 729 haereses
622 694 689 738 sonat,
705 695 725 728 et

63 774 116 814 quae
131 760 186 815 apud
202 765 303 801 nostrates
318 760 420 810 usuvenit3
440 760 495 814 prins
509 766 576 801 antem
589 760 725 815 inscriptionis

64 832 127 873 uerba
142 838 295 882 commemorat,
312 832 387 886 quibus
397 830 492 873 irenaeus
506 833 526 873 in
539 834 583 887 ipsa
594 832 725 874 Demonstra-

64 904 119 946 tione
135 903 260 959 apostolicae
271 905 443 959 praedicationis¹
459 904 582 958 polemicum
598 919 657 947 suum
673 920 725 960 opus

64 977 140 1027 laudat,
160 978 181 1018 id
201 984 232 1018 est
249 976 443 1018 «handimanuthiun
459 977 499 1030 jeu
511 976 636 1032 jegtrsumn
652 966 726 1019 starum

65 1050 191 1105 gituthean».
217 1049 239 1091 Si
251 1049 346 1091 Emikius
361 1050 405 1104 ipse
420 1063 473 1104 opus
488 1063 547 1091 suum
563 1050 603 1092 hoc
619 1050 683 1091 modo
698 1051 726 1090 in-

65 1125 154 1177 scripsit,
174 1124 288 1177 suspicione
307 1124 407 1164 mouearis
426 1123 473 1164 licet
492 1124 559 1177 ipsum
577 1123 655 1164 irenaei
674 1137 727 1176 opus

66 1203 112 1237 ante
123 1196 194 1237 oculos
202 1196 297 1260 habuisse
308 1197 392 1249 eiusque
403 1196 555 1249 inscriptionem
566 1197 666 1236 imitatum
675 1209 725 1237 esse.

157 1376 191 1419 HI.
211 1376 249 1418 DE
264 1367 364 1417 TEXTU
380 1375 479 1418 OPERIS
495 1376 633 1420 TRADtTO.

94 1488 196 1536 Editores,
213 1501 259 1527 cum
271 1492 350 1527 textum
363 1500 468 1527 armenum
479 1487 499 1527 in
510 1486 577 1527 lucem
588 1487 677 1536 ederent¹
694 1500 727 1542 ap·
764 1516 766 1522 ·

67 1568 159 1616 paratum
175 1559 266 1603 criticum
284 1573 325 1607 non
341 1567 491 1614 apposuerunt,
512 1566 654 1615 praeterquam
670 1558 727 1614 quod

66 1635 137 1688 paucis
152 1634 201 1676 locis
216 1639 296 1674 textum
314 1639 433 1686 corruptum
449 1633 512 1674 videri
527 1633 728 1675 animaduerterunt2

67 1712 101 1747 aut
116 1706 215 1748 vertendo
231 1720 242 1746 a
258 1711 316 1746 textu
332 1704 489 1746 declinaverunt.
518 1704 540 1747 Si
555 1712 623 1746 autem
639 1704 728 1760 reliquae

67 1794 154 1834 maguae
170 1780 232 1834 partis
248 1785 329 1819 textum
344 1785 422 1820 rectum
438 1791 483 1819 esse
497 1777 623 1827 indicaveris,
639 1777 728 1820 traditio·
784 1797 786 1799 ’

67 1866 114 1893 nem
129 1851 203 1893 librarii
217 1850 279 1892 nimia
294 1850 369 1892 fiducia
383 1851 493 1905 sequeris³.
517 1849 551 1891 Ex
566 1849 634 1891 multis
644 1851 728 1905 quidem
754 1866 756 1869 ⁴

67 1925 117 1966 locis
132 1922 243 1965 certissime
258 1922 386 1963 concluditur
401 1923 533 1976 interpretem
549 1922 663 1963 Armenum
679 1928 728 1964 trac-

67 2003 132 2038 tatum
141 1995 161 2039 S.
169 1995 246 2037 Irenaei
256 2009 267 2035 e
278 1994 340 2037 uerbo
351 1994 439 2037 fideliter
448 1995 592 2050 expressisset,
604 2009 729 2050 quamquam

67 2071 142 2125 ingenii
162 2070 242 2123 linguae
262 2069 359 2111 haicanae
379 2068 478 2110 rationem
497 2067 600 2119 habuerit¹
622 2081 668 2109 cum
688 2082 729 2110 non

68 2157 112 2185 raro
128 2157 165 2198 pro
181 2142 248 2183 uerbis
263 2134 341 2196 graecis
361 2141 487 2196 simplicibus
504 2141 617 2196 duplicatas
637 2154 730 2182 armenas

68 2230 129 2258 uoces
145 2215 257 2266 adhiberet,
277 2216 329 2257 sicut
344 2216 384 2256 iam
401 2214 533 2256 Vardanian5
548 2215 652 2270 cognouit,
673 2215 729 2269 quod

68 2290 128 2330 etiam
148 2290 168 2330 in
188 2279 231 2329 aliis
249 2288 376 2329 versionibus
395 2287 482 2334 armenis
502 2301 513 2327 e
532 2301 608 2341 graeco
623 2286 682 2328 factis
697 2289 730 2328 de-

99 2456 103 2476 ¹
117 2459 135 2491 C.
148 2465 175 2497 op,
244 2454 304 2489 ²Vide
317 2469 330 2489 c.
345 2466 353 2488 2
367 2466 387 2489 22
401 2465 422 2496 24
436 2464 457 2499 43
470 2462 490 2498 45
505 2463 526 2499 50
539 2462 559 2499 53
574 2457 594 2498 56
607 2454 627 2488 m
641 2462 662 2496 79
675 2455 701 2496 89,

98 2524 104 2543 ³
116 2523 208 2558 Vardanian
221 2524 238 2556 in
250 2523 317 2556 Handes
330 2536 344 2556 n,
356 2531 403 2565 1913y
417 2524 449 2566 326
458 2534 492 2566 sqq.

98 2591 103 2610 ⁴
117 2592 141 2625 Cf.
154 2592 237 2623 Hermann
248 2591 308 2633 Jordan
321 2592 331 2623 l.
341 2602 354 2623 c.
367 2600 404 2631 204.
475 2590 481 2609 ᾗ
494 2591 560 2623 Handes
575 2599 622 2631 1910,
636 2598 673 2631 304.
