1606 2792
77 132 98 163 26
152 130 272 164 Dernonslratio
285 130 382 172 apostolicae
394 130 520 172 praedicationis
532 130 581 163 latine
594 131 662 163 reddita,

26 241 27 244 ’
77 242 214 283 versationem
228 240 333 288 instituant
348 240 400 291 fide,
421 254 446 281 ne
466 239 608 295 neglegentiae
626 240 702 282 addicti
718 246 739 281 et

78 314 208 355 deficientes¹¹
228 313 430 367 praevaricenturvet
447 320 580 367 permaneant
595 313 616 354 in
631 314 738 354 mundanis

78 385 224 442 cupiditatibus
239 400 305 441 neque
321 386 383 427 etiam
397 385 477 427 seducti
491 386 585 427 aberrent
600 401 612 427 a
627 393 689 427 recto.

108 471 126 500 2.
145 460 173 500 Et
188 458 235 513 quia
254 458 392 513 compositum
412 458 486 499 animal
501 465 533 498 est
547 458 611 498 homo
631 473 658 499 ex
673 460 739 499 anima

79 537 100 572 et
115 546 141 573 ex
156 531 262 587 corpore1,
282 545 318 586 per
333 531 376 572 duo
392 530 442 572 haec
461 531 558 572 exsistere
577 530 596 571 ei
611 531 705 585 congruit
720 537 741 571 et

79 605 180 646 convenit.
202 605 230 645 Et
245 604 342 658 quoniam
357 618 384 644 ex
399 610 486 658 utroque
496 603 536 645 hoc
551 604 664 658 sequuntur
679 604 740 645 offen-

79 678 164 729 sionesl,
181 683 201 718 et
214 683 245 718 est
259 675 306 733 [sive
316 675 421 733 invenitur]
434 677 525 731 corporis
538 666 678 727 sandtilicatio,
694 690 740 718 conu

80 750 174 792 tinentiac
185 746 217 805 [etl
229 748 364 791 abstindentia
374 750 412 790 ab⁰
422 749 517 797 omnibus
528 748 639 790 inhonestis
649 749 710 790 rebus
721 756 742 790 et

80 824 106 865 ab
118 823 213 865 omnibus
227 822 300 877 iniquis
313 822 409 877 operibus
423 831 444 864 et
456 820 497 878 [est]
509 822 588 864 animae
600 822 740 873 sanctificatio,

80 896 99 938 in
111 897 179 937 Deum
190 895 252 937 fidem
263 896 342 950 integre
356 895 458 937 custodire
464 894 473 946 f,
485 895 533 936 nihil
544 895 640 936 addendo
652 895 742 950 nihilque

81 968 192 1011 auferendo
211 968 238 1010 ab
255 981 284 1009 ea¹
315 968 369 1009 Nam
384 967 492 1010 hebetatur
507 974 527 1008 et
542 967 637 1008 odiosum
653 967 743 1009 redditur

81 1043 121 1084 Dei
135 1042 251 1084 seruitiumg
265 1041 368 1092 foeditatel
384 1041 510 1096 impudicitia
525 1042 622 1095 corporis,
638 1047 659 1082 et
674 1040 743 1082 debili-

82 1121 136 1157 tatur
157 1123 178 1157 et
199 1113 310 1155 maculatur
331 1127 398 1168 neque
419 1114 521 1168 integrum
544 1119 574 1154 est
595 1113 702 1154 mendacio
723 1113 743 1153 in

83 1189 170 1230 animam
182 1188 283 1242 ingresso3
300 1186 333 1229 etll
346 1186 472 1229 custodietur
482 1187 502 1228 in
513 1186 664 1241 pulchritudine
674 1194 695 1228 et
707 1201 743 1228 sua

83 1275 183 1313 mensura,
199 1260 282 1315 quando
293 1259 367 1302 veritas
382 1260 402 1301 in
413 1266 481 1302 mente
496 1266 517 1301 et
526 1259 660 1302 sanctificatio
671 1260 691 1301 in
701 1273 743 1301 cor·

83 1348 134 1389 pore
144 1332 297 1389 perseverabili.
318 1333 374 1388 Quid
385 1333 439 1376 enim
449 1333 539 1387 prodest,
555 1334 572 1375 si
586 1332 661 1375 sciturk
673 1346 744 1375 verum

83 1409 146 1451 verbo
155 1414 175 1448 et
182 1420 257 1461 corpus
265 1405 392 1462 inquinaturli
400 1412 420 1447 et
427 1404 515 1447 malitiae
522 1405 665 1460 perficiunturl
672 1404 745 1460 opera?

83 1482 128 1524 Aut
147 1481 197 1537 quid
217 1481 300 1522 omnino
319 1479 368 1522 utile
388 1479 459 1529 afferre
475 1486 543 1535 potest
563 1480 654 1534 corporis
673 1480 744 1521 sancti·

84 1556 152 1598 ficatio
168 1554 275 1596 deficiente
294 1553 379 1595 veritate
396 1551 510 1594 inanima?
535 1549 638 1605 Quoniam
653 1537 746 1605 gaudent

84 1628 134 1670 alter
149 1627 213 1669 altero
228 1625 249 1666 hi
264 1631 285 1667 et
300 1625 427 1666 concordant
442 1630 463 1665 et
477 1638 559 1678 pugnae
577 1624 626 1665 socii
641 1623 702 1675 fiuntj
723 1629 746 1664 ut

84 1701 189 1742 hominem
203 1700 223 1739 in
234 1699 348 1752 praesentia
358 1697 398 1738 Dei
413 1698 543 1738 constituant.
564 1696 675 1750 Propterea
686 1695 745 1750 Spiri-

85 1780 117 1815 tus
128 1772 216 1830 Sanctus
226 1785 262 1826 per
274 1768 309 1828 [os]
321 1770 389 1812 David
400 1769 498 1825 loquitur:
515 1769 602 1811 «Beatus
612 1769 647 1821 vir,
659 1770 745 1825 quinon

115 1904 159 1940 ¹Gn
172 1915 187 1947 2,
201 1912 215 1946 7,
240 1905 284 1938 Eccli
298 1912 322 1945 17,
338 1914 344 1936 1
360 1912 374 1947 5.
388 1888 390 1890 Ι

114 2038 174 2070 aTM:
188 2047 216 2069 aus
228 2037 264 2069 dem
277 2037 342 2069 Geleise
355 2036 435 2069 lrommen.

114 2096 121 2118 b
133 2099 175 2131 Thi:
188 2097 277 2130 Fehltritte.

114 2159 172 2192 uTM:
189 2170 207 2191 so
225 2158 244 2191 ist
260 2158 301 2191 auch
311 2156 333 2201 (l)
346 2158 372 2190 die
384 2156 461 2190 Reinheit
473 2157 502 2190 des
515 2155 573 2189 Leibes
587 2135 747 2200 dinVorbeugungs·

87 2219 138 2253 mittel
151 2225 181 2254 etc.

115 2280 121 2301 ‘¹
134 2282 175 2314 Tul:
189 2280 240 2313 durch
252 2280 281 2312 das
293 2291 330 2312 man
342 2279 377 2313 sich
389 2279 456 2313 enthan.

115 2342 173 2379 rtet:
186 2341 283 2384 praesidium
296 2338 381 2381 (castitatis
393 2337 434 2382 sive)
447 2340 557 2373 continentiae
570 2347 600 2373 etc.

117 2401 122 2421 l
133 2403 165 2436 Tlll
177 2402 227 2435 falso:
242 2413 270 2435 um
286 2402 318 2434 den
331 2401 405 2435 Glauhen
421 2408 451 2435 etc.
464 2412 483 2434 zu
499 2400 577 2434 erhalten.
602 2401 644 2433 Nam
660 2399 748 2433 secundum

87 2465 170 2496 Irenaeum
183 2464 258 2496 sanctitas
270 2463 333 2496 animae
346 2463 380 2506 ipsa
393 2463 409 2495 in
421 2463 453 2495 fide
465 2463 544 2496 consistit

115 2529 122 2549 ἕ
134 2525 175 2557 Tar:
188 2523 310 2567 Frlimmiglreit.
378 2522 431 2556 11ΤΜ
443 2523 497 2556 addit:
510 2534 594 2566 wogegen.

119 2581 122 2603 ¹
135 2585 222 2617 Accurale:
236 2584 300 2617 assidua
312 2583 346 2626 erit
414 2581 453 2616 kIn
466 2594 540 2617 armeno:
553 2582 646 2616 infinitivus.
