1606 2792
89 130 131 164 Sect.
138 131 158 164 Π.
172 115 236 174 Religio
245 129 276 163 div.
284 130 353 162 miserat.
360 130 452 162 restituitur,
465 129 588 174 Redemptionis
596 130 703 173 praeparatio.
728 137 748 173 55

89 239 146 282 dedit
161 254 233 281 omnes
247 240 267 281 in
283 254 355 282 manus
370 252 446 290 eorum,
462 246 483 281 et
498 247 551 281 terra
564 238 636 281 ualdea
646 240 701 282 bona
711 246 748 282 est.

88 311 130 369 Sed
146 326 192 355 curn
208 326 250 355 non
265 312 402 364 confiderent,
422 313 459 354 sed
480 318 596 354 constanter
611 319 750 368 perseueraret

89 384 178 440 populus
188 384 216 428 ibi
231 387 251 427 in
262 386 335 428 eadem
346 385 465 436 diffidentia,
481 386 554 427 auertit
564 391 584 426 et
595 386 682 430 mutauit
692 387 750 427 Deus

88 458 141 500 uiam
151 467 234 509 eornm,
254 464 277 500 ut
295 473 331 501 eos
345 459 365 500 in
381 472 469 500 errorem
484 457 596 509 induceret,
617 457 750 512 castigandob

91 529 138 588 [eos]
150 537 170 573 et
181 531 314 586 percutiendo
325 531 345 573 in
355 546 431 574 eremo.
451 530 479 583 Et
489 532 570 587 quantis
580 530 653 574 diebus
664 531 751 587 profecti

89 611 136 646 sunt
155 610 176 646 et
195 610 320 646 reuerterunt
338 604 402 655 iiluc⁰,
425 606 460 659 qui
479 604 751 659 explorantes'perscrutati

89 684 136 719 sunt
151 684 231 728 terram,
248 684 268 718 et
283 678 418 732 quadraginta
433 684 490 719 erant
505 678 526 719 hi
542 675 604 734 [dies]¹
621 691 696 719 annum
712 692 749 733 pro

90 750 123 792 die
131 764 216 806 ponens,
228 750 363 806 qnadraginta
374 765 438 793 annos
446 752 511 793 tenuit
521 765 557 793 eos
565 748 633 808 [Deus]
643 751 663 792 in
671 764 749 802 eremo;

89 837 157 878 neque
171 823 234 865 ullum
250 825 326 873 exeis,
342 824 377 878 qui
391 824 503 878 perfectam
518 831 607 865 aetatem
620 831 641 866 et
651 825 750 866 rationem

89 896 246 949 habebantqui
256 895 340 937 intraret
349 896 369 936 in
380 903 460 947 terram,
472 895 557 950 dignum
567 896 657 937 reddidit
667 903 751 950 propter

90 968 224 1010 diffidentiam
240 983 321 1022 eorum;
342 975 422 1024 praeter
437 968 496 1021 duos,
508 969 548 1024 ,qui
563 969 701 1011 testinnonium
718 969 751 1011 de-

90 1043 162 1084 derant
182 1043 299 1092 hereditati,
319 1043 387 1084 Iesum
407 1042 471 1084 fitium
490 1043 548 1084 Naue
568 1050 589 1084 et
605 1042 668 1084 Caleb
688 1042 752 1084 filium

90 1116 187 1170 Iephone,
209 1121 229 1157 et
244 1115 368 1169 quicumque
382 1115 461 1170 parvuli
476 1115 555 1156 fuerant
574 1115 687 1174 nescientes
703 1115 751 1157 dex·

90 1195 143 1231 tram
158 1195 179 1230 et
190 1188 297 1230 sinistram.
319 1188 349 1230 Ita
359 1194 445 1229 cunctus
455 1188 571 1230 increduius
582 1188 671 1243 populus
681 1189 752 1229 morie-

90 1263 151 1304 batur
166 1269 187 1303 et
202 1262 375 1304 consumebatur1
390 1262 410 1302 in
426 1275 494 1303 eremo
506 1260 602 1316 paulatim
613 1261 675 1316 digna
690 1262 752 1304 incre-

92 1335 176 1376 dulitate
187 1335 272 1388 patiens,
295 1333 337 1376 Sed
352 1335 431 1389 paruuli
445 1340 586 1393 accrescentes
600 1335 652 1376 intra
667 1335 751 1389 quadra·

91 1407 148 1462 ginta
163 1421 227 1450 annos
238 1407 339 1463 replentes
349 1407 483 1464 perficiebant
498 1421 603 1449 numerum
618 1413 751 1449 mortuorum.
772 1426 773 1429 ¹

121 1484 152 1524 28.
170 1481 222 1523 Cum
233 1481 360 1537 completum
370 1489 424 1524 esset
439 1489 460 1524 et
469 1482 558 1536 spatium
569 1483 704 1537 quadraginta
719 1496 752 1522 an*

91 1568 174 1605 norum,
194 1554 250 1595 uenit
266 1554 355 1609 populus
373 1568 438 1610 prope
453 1556 562 1596 Iordanem
582 1561 602 1594 et
620 1553 753 1607 congregatid

38 1648 42 1654 =·
92 1627 197 1682 congressi
211 1633 270 1669 sunt⁶
285 1626 341 1668 ante¹
355 1627 454 1669 iericho?
478 1627 530 1668 Hict
545 1641 674 1681 congregans
689 1642 751 1682 popu-

92 1699 134 1742 ]um
149 1700 234 1754 Moyses
253 1714 321 1742 rursus
341 1702 456 1743 summatim
477 1702 557 1755 attingit
573 1702 655 1742 omma3
670 1714 753 1742 narrans

92 1787 157 1828 usque
176 1774 203 1815 ad
215 1774 277 1815 vdiem
297 1773 351 1815 hunc
371 1771 485 1828 magnaliah
500 1773 554 1816 Deir
571 1773 713 1829 praeparando
733 1778 754 1815 et

92 1846 211 1887 instruendo
227 1860 263 1888 eos
278 1847 347 1901 quiin
363 1860 431 1889 eremo
447 1846 591 1897 accreveranti,
607 1853 629 1888 ut
640 1852 754 1907 metuerent

123 1974 187 2008 ¹Hebr
199 1985 214 2016 4,
229 1983 248 2016 17
266 1987 292 2020 qq,
362 1973 451 2015 2N1n26,
465 1976 495 2018 633
509 1976 535 2018 36,
550 1985 575 2018 ¹3·

122 2035 163 2068 ³Dt
178 2045 190 2076 1,
204 2045 223 2078 3;
238 2044 251 2080 5,
267 2045 280 2068 rr
361 2036 430 2084 tDtt,
445 2044 660 2080 19-3121;29,5sqq.

121 2167 128 2183 a
140 2162 181 2195 TM:
195 2161 343 2196 ausserordentiich.

122 2224 129 2245 ¹¹
141 2226 167 2258 De
179 2225 229 2258 verbo
242 2235 307 2257 armeno
319 2225 376 2267 ignoto
389 2226 409 2258 cf.
419 2215 515 2265 Vardanian,
528 2224 595 2257 Handes
610 2231 657 2264 1910,
671 2230 679 2264 3
693 2231 708 2264 4.

123 2285 159 2317 b'In
172 2295 219 2317 arm:
232 2284 285 2331 aisrio,
300 2284 337 2317 loco
351 2285 422 2317 «ain-en»
436 2285 517 2317 scribitur.
538 2315 541 2318 ,

122 2344 130 2365 (1
141 2345 174 2378 TM
186 2356 218 2379 om.
287 2350 293 2365 Β
305 2346 346 2379 TM:
359 2346 416 2390 schiug
429 2345 462 2379 sein
474 2346 528 2390 Lager
540 2346 571 2379 aut.

126 2405 131 2425 s
142 2406 175 2439 Seu
187 2416 206 2439 ex
218 2406 291 2447 adverso,
303 2406 319 2439 in
332 2407 377 2440 facie.

123 2469 195 2500 gArm..
213 2474 277 2500 astanor
289 2480 311 2496 Ξ
323 2468 353 2510 hic,
370 2468 454 2509 hoclocol
472 2467 568 2511 (secundum
580 2466 710 2512 etynroiogiamz)
723 2468 755 2501 hoc

95 2536 171 2573 tempore,
184 2528 215 2562 hoc
226 2529 258 2563 die.
274 2529 316 2562 Tri:
329 2530 374 2562 Hier.
443 2528 451 2550 ¹¹
463 2530 496 2563 TM
508 2531 581 2563 ordinem
590 2531 675 2563 verborum
684 2530 754 2564 mutauit.

125 2589 129 2611 ff
141 2590 174 2624 TM
185 2590 274 2625 liberrime:
287 2596 335 2624 unter
346 2591 398 2624 Zucht
410 2592 443 2624 und
456 2590 537 2635 Ordnnug
548 2590 606 2625 stellte.
