1606 2792
247 132 268 164 lli
284 132 309 164 Dc
322 131 398 164 versionis
411 141 485 163 armenae
498 130 590 173 archetypo.
741 137 748 173 5

87 242 204 285 diiudicent.
217 242 283 283 lllodo
291 255 317 282 ne
325 240 436 295 negligant,
444 254 497 295 quae
504 239 575 281 illustri
582 240 662 282 doctori
667 239 750 281 Ludtke

87 317 107 358 in
120 314 248 358 «Zeitschrilt
259 314 290 356 sur
299 313 523 369 Kirchengeschichte»
539 306 593 368 1914
608 327 627 368 p.
637 315 749 368 438—442

87 389 247 440 obiciebantur&
268 389 342 443 legere.
373 388 468 429 Fortasse
484 387 585 429 dolebunt
600 388 692 429 criticum
711 403 749 429 suo

87 463 155 504 officio
165 462 281 504 satisfacere
291 462 399 516 putavisse,
411 475 458 502 cum
469 467 539 501 contra
549 467 658 502 tractatum
665 461 750 502 «Rand-

87 535 181 591 glossen»
199 535 321 577 sententiam
337 533 397 576 ferret
416 541 437 575 et
456 532 518 575 verba
537 532 639 588 quaedam
660 533 711 575 dura
730 533 750 575 in
775 579 777 581 ,

87 610 129 650 Ter
139 608 269 650 llinassiantz
280 607 333 649 facta
347 606 472 661 reprobaret,
488 606 525 646 sed
538 606 565 646 de
580 619 642 656 more,
659 621 701 661 quo
710 606 751 647 Ter

87 671 217 723 lllinassiantz
227 693 335 736 aggressus
345 685 398 731 erat,
404 693 469 735 paene
477 685 554 721 taceret
562 692 628 733 neque
636 678 678 721 ullo
687 679 750 721 verbo

89 756 115 796 de
131 754 314 803 emendationibus,
335 767 388 807 quae
403 758 491 805 tractatu
508 751 676 805 «Randglossen»
695 752 750 794 dicto

87 828 131 870 sine
146 827 210 870 dubio
226 826 318 883 prolatae
332 832 386 876 sunt,
403 825 526 881 loqueretur.
553 825 653 866 Attamen
668 840 714 867 cum
730 826 750 866 in

88 901 163 954 exigua
178 906 236 954 parte
251 900 324 953 operis,
341 899 367 939 de
383 913 424 953 quo
440 899 539 949 disseruit,
556 897 614 951 plura
629 905 695 939 errata
709 911 750 938 ver-

87 973 149 1014 sionis
160 973 299 1015 Armenoru'm
311 972 420 1013 doctorum
430 970 560 1024 significaret,
576 968 620 1024 ipse
634 971 695 1012 etiam
702 976 751 1024 pro-

88 1045 150 1097 bavit,
167 1048 224 1101 quod
239 1052 310 1086 auctor
321 1045 424 1086 secundae
434 1045 532 1085 versionis
543 1057 652 1097 germanae
663 1044 750 1086 declara-

88 1125 153 1161 verat:
169 1118 284 1160 versionem
295 1118 434 1160 Avvnenar‘nnr
448 1117 553 1159 doctorum
568 1131 607 1158 nrm
622 1116 644 1159 iv
659 1116 752 1159 arrrnibns

89 1197 166 1233 rectam
177 1191 324 1245 laterano-oe.
346 1190 399 1232 Cum
409 1190 449 1232 hoc
464 1191 531 1245 ipsum
547 1190 573 1231 ab
589 1190 645 1231 initio
660 1190 680 1231 in
691 1205 751 1245 quac·

88 1265 175 1306 stionem
191 1271 287 1307 vocatum
303 1271 365 1315 esset,
386 1278 458 1306 causae
474 1277 546 1319 graves
562 1278 603 1305 non
619 1263 709 1316 aderant,
729 1270 752 1306 ut

89 1339 124 1392 qui
140 1339 161 1379 id
176 1339 243 1393 ipsum
258 1338 356 1392 probaret
375 1351 421 1378 eum
437 1337 604 1391 reprehenderet,
625 1339 660 1392 qui
674 1338 751 1392 primus

89 1411 129 1452 hoc
145 1417 263 1461 asseruerat,
283 1417 304 1452 et
319 1410 353 1464 qui
368 1411 432 1452 atroci
447 1410 524 1463 impetu
541 1409 650 1451 adversarii
665 1410 751 1464 dignum

90 1498 211 1537 responsum
227 1482 318 1525 dederat.
674 1471 676 1474 Α

118 1554 178 1609 Quae
188 1563 256 1597 tamen
268 1555 300 1597 hic
315 1569 341 1596 eo
351 1561 430 1596 tantum
441 1554 482 1595 fine
495 1555 516 1595 in
526 1555 646 1596 memoriam
657 1569 751 1596 revocan-

90 1635 127 1679 tur,
144 1635 166 1670 ut
176 1634 241 1670 status
253 1629 281 1669 rei
291 1628 423 1670 describatur.
445 1627 501 1669 Nihil
511 1628 614 1682 scriptoris
624 1627 714 1679 interest,
730 1636 752 1670 ut

90 1703 166 1744 meritis
185 1717 257 1745 eorum
271 1703 379 1743 doctorum
395 1702 506 1752 detrectet,
527 1702 561 1755 qui
579 1702 684 1755 egregium
700 1715 752 1756 opus

90 1774 111 1818 S.
119 1776 196 1818 irenaei
205 1777 326 1817 invenerunt
336 1781 356 1816 et
367 1788 443 1828 magno
454 1773 524 1816 labore
535 1779 556 1815 et
565 1774 634 1815 studio
645 1774 694 1816 illud
705 1789 752 1816 cum

91 1863 166 1903 magno
182 1863 231 1891 sane
241 1856 371 1903 posterorum
386 1846 533 1896 emolumento,
549 1846 643 1901 quamvis
654 1861 696 1889 non
709 1847 753 1888 sine

91 1922 197 1972 erroribus,
209 1921 268 1977 primi
278 1920 425 1976 patefecerunt.
447 1920 481 1961 lus
490 1927 559 1961 autem
569 1921 589 1961 in
599 1919 661 1962 rebus
674 1920 752 1962 scienti-

90 1995 133 2036 ficis
148 1994 211 2036 libere
226 1993 330 2036 iudicandi
341 1994 427 2047 quisque
442 1993 480 2034 sibi
495 1993 613 2042 vindicabit,
629 2006 696 2047 neque
711 1992 752 2033 ullo

91 2067 154 2109 modo
170 2066 292 2121 obligamur,
313 2071 336 2106 ut
350 2072 437 2107 terrores
452 2064 561 2106 adversarii
576 2059 619 2105 sine
634 2064 753 2107 defensione

90 2140 213 2182 sustinentes
228 2152 306 2181 errores
321 2137 395 2180 servari
410 2138 453 2193 tegi
467 2150 515 2179 vera
530 2136 637 2192 patiamur,

118 2286 144 2327 ll.
161 2285 201 2327 DE
215 2283 367 2328 VERSlONlS
383 2283 528 2326 ARlllENAE
542 2284 725 2327 ARCHETYPO.

120 2389 172 2431 Cum
183 2389 269 2431 Armeni
284 2396 363 2430 veteres
373 2388 460 2444 plurima
475 2402 538 2444 opera
552 2402 563 2429 e
574 2401 647 2443 graeca
662 2395 683 2430 et
693 2387 753 2442 Syro⁴

92 2477 137 2520 rum
148 2462 217 2517 lingua
232 2463 252 2504 in
267 2477 325 2504 suam
340 2462 490 2504 transtulissent
505 2469 526 2503 et
538 2462 597 2503 certis
610 2459 696 2503 saeculis
706 2475 753 2502 cum

87 2581 89 2583 v
123 2588 127 2609 ¹
141 2590 204 2624 Gothae
216 2591 259 2634 apud
272 2591 333 2624 Friedr.
343 2590 408 2624 Perthcs
421 2590 446 2624 erl.
