1606 2792
232 157 235 160 ,
269 119 297 154 Ν,
310 120 336 152 De
349 120 403 162 operis
417 119 472 153 indole
484 119 549 152 et'fine,
721 128 741 161 *17

77 228 181 283 praedicta
191 229 339 284 prophetarum
354 228 438 283 impleta
453 242 498 270 esse
513 229 549 284 qui
564 228 660 270 ostendit.
683 227 742 270 Haec

78 307 110 342 est
124 301 219 355 probatio
240 301 361 343 christianae
380 302 470 342 veritatis
486 301 622 356 apologetica,
642 311 682 356 qua
698 302 742 356 pro·

45 397 46 400 =
79 373 152 415 cedere
167 387 251 416 necesse
264 380 301 424 est,
318 375 365 429 quia
376 362 604 424 intellectushunianus
618 373 743 416 naturalibus

79 446 191 487 rationibus
206 447 295 488 veritatis
310 446 359 487 fidei
374 453 432 501 eget,
452 446 504 489 haec
523 448 568 500 ipsa
586 453 657 488 alitem
675 460 743 501 super-

78 519 175 561 naturalis
190 526 221 561 est
236 518 326 561 hominis
340 520 447 561 scientiam
462 526 483 561 et
493 518 609 561 intellectus
619 519 702 561 humani
716 520 744 561 in-

79 592 175 646 geniosas
190 599 211 634 et
226 593 353 635 acutissimas
367 593 453 635 virtutes
467 593 551 634 vincens
566 600 587 634 et
602 593 744 634 interna'veri·

80 665 127 706 tatis
142 665 244 707 evidentia
259 666 357 720 cognosci
370 666 446 721 nequit.
469 665 565 708 irenaeus
575 666 619 720 ipse
629 665 745 708 manifestat

80 753 103 780 se
118 738 152 780 tali
167 740 268 781 sententia
283 740 370 782 ductum
385 740 452 790 luisse,
469 754 515 782 cum
530 738 603 781 librum
619 740 645 781 ad
661 740 745 781 demon·

80 812 184 854 strandam
196 813 368 868 praedicationem
385 812 520 868 apostolicam
531 812 585 854 hunc
600 812 744 863 conscriberet,

81 885 133 926 sicut
143 891 164 926 et
174 900 201 927 ex
211 899 274 941 supra
284 885 372 928 laudatis
382 885 454 941 capitis
463 896 491 938 42
502 885 607 928 sententiis
615 886 745 941 perspicuum
795 925 797 928 .

15 955 17 958 ’
82 965 118 1000 est.
148 958 229 1000 Eadem
247 960 379 1013 persuasione
398 959 488 1001 munitus
507 959 526 1001 in
543 960 610 1013 capite
624 970 650 1012 43
667 958 745 1014 procla-

83 1038 126 1074 mat
135 1032 182 1074 Deo
197 1032 218 1073 in
228 1033 325 1073 omnibus
332 1031 463 1074 'credendum
474 1035 524 1083 esse,
542 1032 588 1086 quia
599 1030 672 1085 ipsein
684 1031 746 1071 omni-

83 1105 122 1145 bus
136 1110 248 1145 verus‘est.
271 1095 402 1157 Quinetiam
417 1105 478 1145 tertio
494 1104 560 1158 capite
574 1104 626 1145 dixit
641 1104 668 1143 ad
683 1102 745 1143 fidem

84 1177 125 1219 sive
136 1177 163 1219 ad
174 1177 300 1219 credendum
313 1177 431 1218 «veritatem
441 1177 558 1228 inducere»,
575 1190 622 1218 curn
632 1175 688 1218 fides·
694 1175 747 1217 veris

84 1241 181 1291 niteretur
196 1249 259 1291 factis.
287 1250 344 1303 Ergo
359 1249 443 1291 Irenaeo
458 1250 589 1304 probandum
604 1256 653 1300 erat,
669 1248 746 1290 sactum

84 1336 155 1364 verum
170 1336 215 1364 esse
229 1322 275 1364 lesu
291 1321 365 1363 Christi
381 1322 609 1374 divinam'missionem,
629 1336 669 1377 qua
684 1321 747 1376 ipsius

85 1395 188 1439 doctrinas
203 1395 243 1437 Dei
263 1409 308 1438 esse
327 1409 464 1445 nosceremus,
487 1397 528 1451 qui,
549 1410 596 1438 curn
615 1395 635 1436 in
652 1394 747 1436 omnibus

85 1482 145 1510 verus
163 1477 226 1520 esset,
248 1469 322 1524 dignus
337 1476 377 1521 est,
397 1469 455 1512 cuius
470 1469 604 1511 revelationes
619 1482 691 1510 omnes
706 1467 747 1509 fide

60 1593 61 1596 Ἴ
85 1549 140 1584 certa
155 1541 424 1597 amplectamursOfficium
435 1543 548 1584 iniunctum
558 1547 614 1583 recte
629 1547 746 1591 exsecutus,

85 1614 184 1670 apostolis
199 1613 369 1669 laetorumquae
384 1614 410 1656 de
420 1615 466 1657 lesu
476 1614 558 1656 Christo
573 1619 679 1656 narrantur
693 1614 748 1656 testi·

85 1686 125 1728 b'us
139 1687 245 1738 invocatis
262 1688 352 1729 ostendit
364 1688 384 1729 in
394 1688 436 1730 vita
446 1688 491 1729 Iesu
507 1691 519 1729 a
529 1687 635 1741 prophetis
646 1688 700 1742 prius
715 1691 748 1728 an-

86 1759 178 1800 nuntiata
196 1759 280 1814 impleta
299 1773 349 1801 esse.
379 1759 402 1819 ln
418 1774 435 1801 c.
451 1770 479 1813 99
494 1759 577 1800 demum
595 1759 696 1813 quaedam
710 1759 748 1799 'ad-

56 1825 63 1840 '
86 1831 198 1887 iunguntur
208 1831 356 1883 conclusiones,
373 1838 426 1887 quae
442 1846 453 1873 e
463 1846 485 1874 re
496 1832 636 1874 demonstrata
646 1832 749 1875 deductae

86 1911 138 1952 sunt.
169 1904 237 1948 Etiam
256 1905 322 1948 exiis
339 1905 425 1960 colliges
440 1905 461 1947 id
481 1910 560 1960 patrem
575 1904 680 1947 Ecclesiae
694 1906 749 1961 Lug-

87 1978 184 2020 dunensis
199 1979 318 2033 praeprimis
333 1979 467 2033 spectavisse,
488 1984 510 2021 ut
529 1979 631 2021 revelatae
647 1979 750 2034 religionis

87 2052 179 2093 iudaicae
194 2058 215 2092 et
230 2051 351 2093 christianae
366 2059 470 2094 auctorem
485 2057 549 2093 unum
561 2056 632 2093 verum
642 2051 711 2093 Deum
722 2053 749 2093 di-

87 2123 138 2165 vinis
153 2122 266 2178 prophetiis
276 2122 529 2178 impletisdemonstraret.
549 2124 602 2166 Nam
613 2124 680 2175 adea,
692 2128 750 2179 ³quae

87 2195 259 2251 praecedentibus
274 2196 374 2250 capitibus
390 2203 520 2251 exposuerat,
539 2198 649 2251 respiciens
663 2197 709 2239 illos
723 2197 750 2239 in-

88 2275 168 2324 crepat,
188 2268 223 2324 qui
238 2268 307 2311 Deum
322 2268 402 2312 Patrem
422 2270 484 2313 alium
499 2284 561 2327 quam
578 2275 693 2314 'creatorem
706 2272 751 2321 esse

31 2399 34 2403 “
88 2344 212 2394 asserebant,
228 2350 249 2384 et
263 2331 314 2395 illos,
331 2344 365 2399 qui
379 2344 539 2387 incarnationem
550 2344 595 2387 Filii
605 2344 681 2387 Dei-er
696 2346 751 2388 dona

25 2420 26 2423 ’
89 2414 175 2470 Spiritus
182 2415 252 2458 Sancti
262 2417 422 2472 contemnebant
432 2416 532 2472 neglectis
542 2417 571 2468 iis,
580 2431 636 2472 quae
644 2417 750 2473 aprophe·

88 2488 114 2530 ti's
124 2489 229 2543 praedicta
239 2489 382 2543 implebantur,
403 2488 445 2544 Qui
454 2490 514 2550 huno
519 2490 699 2546 demonstrationis
709 2491 751 2532 mo?

89 2561 139 2602 dum
149 2561 303 2616 apologeticum
311 2562 402 2614 adhibet,
413 2563 503 2618 singulas
511 2563 559 2605 fidei
567 2564 672 2605 doctrinas
680 2577 752 2605 omnes

123 2636 178 2671 Weber,
188 2637 297 2665 Demonstrabo,
640 2646 649 2668 2
