1606 2792
62 158 71 189 8
159 158 197 189 Pars
208 157 220 190 l.
236 157 262 189 De
274 156 353 199 religione
366 156 421 189 divina
432 156 532 189 institutione
544 156 601 199 posita.
625 179 627 182 .

31 319 32 322 Ἴ
81 276 111 318 13.
125 265 188 319 Ergo,
199 265 268 319 quod³
277 265 335 305 Deus
345 264 365 304 in
376 263 483 319 paradisoh
495 262 557 321 letati,
568 265 619 307 dum
628 266 711 308 circum-

50 337 93 379 ibat
107 337 177 387 homo,
193 336 280 378 adduxit
295 342 376 377 coram⁰
390 337 476 378 viventia
494 338 561 378 omnia
576 343 596 378 et
606 338 664 380 iussit
677 352 711 379 no·

50 410 105 452 mina
120 410 169 452 dare
185 409 280 451 omnibus
300 410 328 451 eis
348 415 369 451 et
384 410 530 465 quodcumque
545 412 627 453 vocavit
641 410 711 454 Adam

50 497 86 525 ens
99 484 174 532 vivum,
191 481 309 523 dicebatur‘l
319 479 395 524 nomen
405 483 423 523 ei
429 483 442 524 ¹.
462 482 490 524 Et
502 481 596 524 voluntas
611 491 656 526 orta
671 490 712 525 est⁰

51 556 79 607 ei,
91 550 121 597 'ut
141 556 202 598 etiam
222 554 341 597 adiutricem
356 556 400 597 viro
416 554 506 607 faceretf,
526 570 573 597 nam
589 556 617 599 ita
631 556 713 600 locutus

51 628 82 671 est
91 630 159 671 Deus:
178 628 237 670 «Non
248 628 326 670 bonum
337 633 374 680 est,
390 633 412 670 ut
422 629 522 671 exsistat
537 630 577 671 virg
592 622 653 673 solus
675 629 713 673 Fa-

51 701 128 743 ciamus
138 702 157 744 ei
167 700 285 742 adiutricem
291 698 298 719 ¹¹
308 701 422 743 secundum
432 700 530 756 ipsum.»i
546 700 650 756 Quoniam
661 704 713 746 inter

51 773 90 815 alia
105 767 174 815 omnia
187 773 275 814 viventia
290 787 332 814 non
347 774 487 815 inveniebatur
500 775 591 829 aequalis
601 782 622 818 et
633 776 682 830 park
693 783 713 818 et

51 845 120 887 similis
130 844 215 887 Adami¹
231 845 326 888 adiutrix.
350 844 397 900 lpse
411 852 479 887 autem
495 845 553 888 Deus
568 849 663 890 ecstasim
678 849 712 889 im-

51 917 105 960 misit
119 931 181 974 super
194 914 270 960 Adam*
284 923 305 959 et
319 924 342 959 ut
357 918 535 961 obdormisceret¹¹¹
550 920 623 971 effecit,
644 927 670 971 et,
691 926 713 962 ut

52 1004 104 1046 opus
119 1005 146 1032 ex
161 1004 223 1045 opere
237 988 386 1045 perficeretur,
403 1005 450 1032 cum
466 991 533 1034 nullus
544 992 609 1034 factus
624 1000 678 1035 esset
692 994 712 1034 in

52 1064 112 1107 horto
127 1078 217 1115 somnus¹
234 1064 267 1106 hic
282 1063 348 1107 iactus
363 1071 394 1106 est
409 1078 470 1120 super
480 1064 550 1107 Adam
565 1065 647 1108 volente
658 1063 712 1109 Deo.

59 1160 193 1215 '¹Gn2,19.
263 1171 336 1214 lGna
352 1172 377 1205 18.

80 1275 87 1290 ³
100 1270 132 1301 Tm
144 1269 220 1312 neglexit.

81 1329 88 1350 ¹³
100 1331 119 1362 ln
132 1336 175 1362 textu
187 1340 253 1361 armeno
265 1330 281 1361 in
294 1329 329 1362 aliis
341 1329 381 1362 locis
394 1329 444 1362 lrabes
456 1330 523 1361 tonnam
535 1330 630 1362 substantivi
644 1332 713 1371 vdrast»,

52 1401 126 1434 proquo
139 1391 164 1424 hie
179 1390 254 1423 «dracht»
268 1390 337 1434 ponitur,
349 1391 393 1433 quod
405 1391 521 1423 substantivum
535 1392 560 1423 Gn
574 1398 588 1431 2,
599 1391 609 1424 8
622 1391 713 1436 paradisum

53 1451 137 1494 significat.
206 1455 212 1470 ⁰
224 1450 256 1482 Tit
268 1450 322 1483 addit:
335 1450 373 1483 ihm.

81 1509 133 1543 lTll
147 1516 211 1544 vertens
227 1516 287 1543 textum
299 1511 357 1544 Sacrae
370 1511 461 1554 Scripturae
478 1510 612 1552 accommodavit¹
630 1522 666 1544 cum
678 1511 714 1545 loco

54 1571 136 1606 dicebatur
146 1572 208 1606 «ward»
219 1571 300 1605 scriberet.
321 1573 384 1605 Revera
391 1572 423 1605 hoc
431 1572 467 1605 loco
480 1573 496 1605 in
505 1577 565 1605 textum
577 1583 659 1605 armenum
671 1583 715 1605 error

53 1634 136 1678 irrepsisse
144 1633 200 1677 potuit¹
213 1643 249 1666 cum
257 1633 305 1666 lectio
316 1644 342 1665 rsa
354 1643 381 1665 er»
391 1633 408 1664 in
417 1633 503 1666 lectionem
513 1644 567 1666 «aser»
577 1638 712 1674 transmutaretur,

54 1707 94 1739 quae
107 1696 123 1728 in
136 1699 179 1728 textu
191 1705 256 1727 armeno
266 1694 334 1727 habetur
346 1699 362 1726 et
374 1694 493 1737 suprapositae
505 1694 575 1727 versioni
588 1694 713 1737 supponebatur.

54 1756 78 1789 Ct.
87 1755 151 1788 Ludtte
163 1755 180 1787 in
188 1755 281 1787 Zeitschritt
289 1755 314 1787 ttir
321 1755 487 1798 Kirchengeschichte
495 1755 560 1787 XXXV
569 1755 606 1797 258,
619 1766 714 1798 quamquam

55 1816 86 1850 hoc
98 1820 159 1850 certum
171 1825 204 1848 non
216 1821 244 1848 est.
624 1803 626 1807 ,

82 1882 88 1898 e
100 1877 137 1911 Hoc
149 1876 198 1909 modo
210 1877 304 1909 vertendum
316 1876 383 1917 videtur,
396 1877 409 1908 si
422 1876 488 1909 verbum
500 1881 518 1908 ut
530 1887 539 1908 e
549 1876 600 1909 verbo
611 1877 715 1909 transferatur

41 1935 43 1937 ¹
54 1939 114 1981 cupias¹
127 1939 166 1970 alias
178 1947 232 1969 verum
243 1948 307 1969 sensum
315 1938 416 1980 expresseris,
429 1937 442 1969 si
452 1937 551 1969 transtuleris
561 1937 669 1970 «constituit»,
687 1938 716 1969 Er·

54 2010 120 2031 roneam
130 1997 146 2031 in
157 1997 290 2040 «Randglossen»
303 2004 322 2039 17
331 1998 384 2031 datam
392 1997 491 2031 versionem:
502 1997 550 2030 allud
555 2008 570 2030 as
578 1997 615 2030 aaa
623 1997 655 2029 itm
663 1997 713 2029 aracha

54 2059 151 2100 emendabis,
164 2058 177 2091 si
189 2058 296 2101 suppleveris:
311 2058 349 2091 «der
361 2058 419 2091 Wilte»
433 2069 460 2092 seu
475 2059 513 2092 «der
525 2057 633 2092 Entschlussa

84 2118 90 2139 f
100 2121 118 2152 ln
132 2132 169 2152 arm.
183 2119 211 2152 int.
382 2119 384 2123 ⁴
631 2111 633 2115 Α

82 2184 89 2204 t
102 2180 137 2212 Vox
149 2179 194 2212 mard
206 2179 222 2211 in
234 2189 301 2212 armeno
313 2184 329 2212 et
339 2179 406 2212 «homo»
421 2185 436 2212 et
447 2179 489 2212 «vir»
502 2179 587 2223 significat,
601 2180 622 2212 ita
635 2185 651 2212 ut
663 2181 715 2213 sensui

55 2246 70 2273 et
78 2242 131 2274 verbis
142 2240 188 2273 simul
197 2240 266 2281 satisfiat,
279 2251 314 2273 curu
323 2252 388 2273 vocem:
402 2241 444 2273 «vir»
455 2241 554 2282 adhibemus,
567 2252 608 2284 quae
619 2242 642 2273 rei
655 2242 715 2285 optime

54 2302 134 2344 congruit.
630 2293 631 2296 Ἰ

83 2360 90 2381 ¹¹
103 2357 158 2395 Genus
170 2361 186 2393 in
199 2372 265 2394 armeno
277 2367 320 2394 textu
332 2372 366 2393 non
378 2361 481 2406 significaturi
505 2362 547 2395 TM:
560 2362 641 2395 Baistnnd.

86 2420 90 2443 i
102 2435 123 2451 :
136 2423 227 2464 adaptatam
239 2421 274 2464 ipsi.
298 2422 340 2454 Tm:
352 2422 383 2455 wie
395 2434 412 2454 es
424 2423 449 2454 sttr
460 2422 488 2455 ibn
501 2422 545 2466 passt,

101 2545 115 2575 T
118 2545 133 2575 tt
145 2544 218 2578 ordinem
230 2544 316 2576 verborum
328 2555 361 2575 non
374 2545 454 2577 servavit
491 2549 503 2564 m
515 2544 534 2576 ln
545 2555 583 2576 arm.
593 2544 715 2577 substantivum.

83 2482 91 2504 k
102 2483 157 2517 trschir
162 2483 179 2516 in
186 2494 224 2516 arm:
230 2482 316 2526 significat:
323 2482 392 2526 pondus,
397 2488 460 2525 statera,
466 2483 575 2527 aequilibritas
581 2487 596 2516 et
601 2495 635 2528 par,
641 2482 715 2527 aequalis.

85 2544 88 2565 t

87 2609 91 2624 l

83 2608 86 2625 ¹
103 2604 144 2638 tu:
160 2603 226 2648 «folgtu
239 2603 255 2636 in
268 2615 306 2637 ann.
319 2603 370 2637 habes
382 2605 452 2636 saturum
464 2614 476 2637 s.
487 2603 611 2638 coniunctium,
644 2611 646 2613 ·
