1606 2792
248 119 269 151 ll.
284 119 310 152 De
323 118 400 152 versionis
413 129 487 151 armenae
499 118 592 163 archetypo.
741 124 749 158 7

89 228 180 284 linguam
199 229 302 284 irrepsisse
318 228 410 283 putanda
429 234 466 279 est,
487 232 508 270 et
527 227 656 269 consuetudo
675 239 751 268 nomen

89 303 191 345 Maleachi
201 302 299 351 vertendi,
316 308 338 344 ut
348 300 433 356 angelus
444 299 563 357 appelletur,
574 301 614 343 iam
625 300 680 356 apud
691 299 752 342 LXX

90 384 185 432 apparet,
206 376 233 417 ita
253 382 275 417 ut
293 381 364 417 neuter
379 374 437 416 locus
456 375 538 429 signum
557 373 630 429 syriaci
645 372 752 428 archetypi

90 463 134 491 esse
145 449 215 503 possit.
238 448 333 490 Verbum
347 454 416 490 autem
426 447 536 490 Zachariae
551 447 663 489 secundum
674 445 752 489 hebrai-

91 536 135 563 cam
151 521 183 563 vel
198 522 298 575 syriacam
309 521 396 562 formam
406 519 512 561 laudatum
527 519 588 560 etiam
598 520 618 560 in
629 520 708 573 graecis
720 532 752 560 co-

91 594 170 637 dicibus
178 594 225 636 huic
234 594 311 636 formae
322 599 433 648 aequatum
443 608 488 635 esse
498 600 533 636 aut
541 591 580 635 alio
589 592 679 647 quodam
688 591 752 634 modo

91 668 110 709 ei
125 666 228 709 assimilari
243 666 315 721 potuit.
347 663 406 719 Quae
425 680 473 713 cum
488 665 515 707 ita
530 666 578 717 sint,
597 665 683 720 vestigia
698 670 753 706 certa

91 739 163 793 syriaci
173 738 280 794 archetypi
291 738 363 780 adesse
373 738 492 792 negandum
503 745 539 781 est.
557 738 637 780 Tamen
648 751 753 792 argumen-

92 818 141 862 tum,
158 826 200 867 quo
211 812 236 852 ad
249 812 432 853 demonstrandum
443 825 540 865 graecum
551 810 686 866 archetypum
698 809 754 851 docti

91 883 178 927 Armeni
192 885 235 927 iure
245 885 275 928 usi
285 891 338 936 sunt,
355 890 404 927 tunc
415 885 483 927 solum
494 885 520 928 ad
531 883 682 926 diiudicandam
694 896 753 940 quae-

92 959 179 999 stionem
194 958 276 1008 suffieit,
295 960 312 1000 si
329 965 410 999 constat
424 959 555 1012 interpretem
570 957 686 999 Armenum
701 958 754 998 hanc

92 1035 162 1091 textus
183 1030 335 1084 corruptionem
356 1029 396 1071 iam
418 1043 444 1070 ex
466 1029 579 1083 archetypo
598 1043 673 1083 graeco
692 1036 754 1071 trans-

92 1103 203 1157 sumpsisse
217 1103 249 1145 vel
259 1103 326 1157 ipsum
337 1102 432 1145 hebraica
443 1102 505 1144 verba
515 1102 601 1144 fortasse
612 1101 662 1158 falso
673 1101 754 1143 audien-

93 1181 134 1216 tem
151 1175 271 1229 corrupisse.
302 1173 354 1228 Quis
369 1175 409 1216 huc
424 1175 526 1229 probabit,
546 1188 592 1215 cum
608 1188 672 1214 unum
687 1174 755 1214 adhuc

94 1247 200 1303 exemplar
214 1247 273 1290 huius
288 1247 459 1302 interpretationis
474 1246 598 1297 habeamus,
618 1247 675 1302 quod
694 1247 755 1301 scrip·

94 1328 137 1362 tum
153 1328 184 1362 est
199 1321 277 1376 aliquot
291 1321 378 1374 saeculis
388 1328 498 1375 postquam
515 1335 567 1375 opus
577 1320 698 1362 translatum
709 1319 756 1361 suit?

95 1392 220 1448 Cuicumque
236 1401 304 1436 autem
320 1394 363 1435 fieri
377 1395 469 1448 potuisse
484 1401 574 1449 apparet,
592 1399 614 1434 ut
629 1393 755 1436 librariorum

94 1466 233 1507 Armenorum
246 1480 307 1507 manu
320 1466 352 1507 hic
363 1466 421 1507 locus
431 1466 539 1508 hebraicus
549 1456 702 1520 corruptionem
712 1480 755 1520 pas·

94 1552 128 1580 sus
144 1545 203 1589 esset,
219 1538 304 1593 negabit
315 1552 376 1580 exeo
387 1538 432 1580 solo
442 1538 578 1594 archetypum
588 1552 686 1593 graecum
696 1538 756 1594 plena

95 1612 215 1652 certitudine
230 1612 319 1666 probari.
345 1611 414 1665 Quare
428 1611 503 1652 inutilis
519 1626 559 1652 non
576 1612 612 1652 luit
627 1613 756 1667 investigatio

95 1684 180 1727 aliorum
196 1684 302 1739 archetypi
314 1674 386 1739 graeci
401 1685 512 1738 signorum,
529 1698 616 1739 quorum
632 1684 653 1728 P.
664 1685 700 1728 Dr.
707 1684 757 1727 Var-

95 1758 169 1799 danian
180 1758 354 1808 Mechitharista1‚
370 1765 392 1800 ut
402 1759 451 1800 mihi
462 1759 548 1810 uidetur,
564 1758 713 1814 apertissimum
724 1758 756 1800 de·

95 1829 152 1872 texit.
173 1829 226 1872 Nam
242 1831 262 1872 in
277 1829 367 1886 capitulo
380 1838 404 1884 25
421 1831 571 1873 substantivum
582 1844 679 1887 graecum
691 1832 757 1893 πάσχα

95 1919 179 1946 armeno
194 1904 257 1945 uerbo
272 1902 354 1946 «lii-kh»
367 1905 457 1956 vertitur,
474 1906 531 1959 quod
546 1906 614 1960 passio
628 1904 756 1961 intellegitur.

96 1976 198 2031 interpres
208 1991 258 2032 ergo
269 1976 373 2019 Armenus
383 1991 458 2019 vocem
468 1980 535 2037 πάσχα
546 1989 641 2032 graecam
654 1986 701 2020 ante
712 1993 758 2021 ocn-

96 2049 127 2092 los
139 2049 211 2093 habuit
226 2064 313 2105 eamque
328 2065 340 2092 a
354 2050 418 2093 verbo
434 2052 518 2110 πάσχειν
529 2051 632 2104 derivavit,
649 2052 706 2107 quod
717 2066 758 2094 non

97 2122 182 2185 fecisset,
199 2123 236 2165 nisi
251 2137 349 2178 graecum
364 2130 443 2166 textum
454 2124 532 2166 irenaei
547 2138 595 2179 prae
610 2138 632 2166 se
647 2125 757 2166 habuisset.

97 2197 132 2239 Ad
153 2211 196 2240 rem
216 2198 303 2251 pertinet
322 2197 393 2249 etiam,
414 2198 471 2252 quod
487 2198 590 2253 quaedam
609 2199 697 2250 nomina
707 2199 759 2241 sicut

97 2269 156 2320 Sem»,
177 2270 273 2321 Messias,
295 2269 402 2312 Bethleem
423 2273 497 2325 graeca
518 2271 583 2313 forma
603 2272 719 2314 scribuntur
739 2280 759 2314 et

97 2342 200 2398 quaedam
219 2344 266 2385 artis
281 2342 382 2386 vocabula
397 2345 529 2400 interpretum
545 2345 724 2401 graeeophilorum
739 2342 759 2386 in

97 2421 156 2457 textu
169 2421 273 2470 apparent.
298 2415 357 2470 Quae
369 2417 428 2472 signa
439 2420 506 2473 graeci
517 2418 623 2473 archetypi
634 2434 645 2461 a
656 2419 759 2461 Daschian

128 2569 132 2588 ¹
145 2571 212 2603 Haudes
227 2580 274 2612 1910,
288 2580 326 2614 303.
