1606 2792
56 148 78 179 44
165 138 204 169 Pars
216 137 228 169 1.
245 138 271 169 De
283 136 361 179 religione
373 137 428 170 divina
440 138 540 170 institutione
552 128 609 180 posita

62 278 63 283 ,
88 260 118 302 19.
135 247 208 301 Usque
221 246 277 299 dum,
294 260 341 288 cum
356 247 453 289 iudicium
468 248 608 302 superveniret
620 246 650 305 lin]
663 263 718 290 mun·

57 322 106 363 dum
127 334 139 361 a
153 321 199 361 Deo
215 333 251 373 per
266 319 365 361 diluvium
380 320 460 361 decima
476 320 608 374 generatione
626 336 637 363 a
653 321 718 376 primo

57 400 132 445 creato,
144 406 207 434 unum
217 391 284 434 solum
294 392 419 434 inuenirent³
428 394 503 435 iustum
512 391 578 444 N0e1,
590 393 625 448 qui
635 400 719 448 propter

57 467 119 524 ipsius
134 465 229 506 iustitiam
245 471 266 505 et
280 465 324 519 ipse
339 464 429 506 saluatus
444 464 487 506 estl
500 470 520 506 et
530 478 584 506 uxor
594 466 637 507 eius
647 472 667 507 et
678 471 719 507 tres

57 539 91 580 filii
106 540 149 580 eius
164 544 184 579 et
199 544 240 578 tres
255 550 330 579 uxores
346 536 433 579 filiorum
449 538 501 588 eius,
521 537 575 578 intus
591 537 682 580 conclusi
700 539 719 579 iu

58 624 105 652 arca
119 624 166 651 cum
182 608 278 649 omnibus
292 607 419 658 animalibus,
435 622 488 662 quae
499 608 557 649 Deus
567 608 652 651 iusserat
662 610 720 654 Nou

58 683 188 725 introducere
203 681 221 722 in
238 681 325 723 arcam2.
347 681 374 722 Et
388 682 470 723 interitu
482 667 574 728 omnium
584 681 639 724 facto
655 682 720 724 etho·

58 756 135 797 minum
151 761 172 795 et
186 753 271 795 aliorum
287 752 361 794 etiamd
375 754 492 804 viventium,
509 768 562 807 quae
574 768 635 808 super
646 761 720 796 terram

58 833 139 877 erant⁹¹
160 824 277 868 salvabatur
296 825 409 867 custoditus
429 827 449 867 in
471 840 522 868 arca.
556 826 583 868 Et
603 834 661 869 erant
680 834 727 868 tres

59 900 94 942 filii
103 900 150 942 Noe
163 898 217 950 Sem,
234 897 300 940 Citam
315 906 336 940 et
345 898 438 953 lapheffi,
455 899 512 941 cuius
528 896 640 956 [quorum]f
654 913 721 941 rursus

59 972 163 1029 generatio
179 971 313 1027 multiplicata
328 976 364 1012 est.
383 971 440 1012 Nam
456 972 577 1026 principium
593 986 670 1022 eorum,
687 972 722 1027 qui

59 1052 107 1100 post
122 1044 226 1094 diluuium,
244 1044 362 1086 hominumg
376 1044 389 1085 ii
404 1044 472 1086 sunt4.

88 1129 121 1160 20.
137 1116 179 1158 Sed
199 1117 251 1157 inter
270 1130 306 1158 eos
324 1130 377 1157 unus
392 1115 502 1159 maledicto
517 1116 626 1159 succubuit
644 1123 664 1159 et
680 1116 721 1158 duo

60 1191 225 1233 benedictionem
240 1189 353 1231 hereditate
365 1197 489 1244 acceperunt
499 1196 583 1245 propter
597 1204 635 1232 sua
649 1204 720 1245 opera;

60 1278 107 1306 narn
122 1264 174 1305 inter
188 1276 225 1304 eos
235 1263 306 1314 minor,
323 1262 357 1317 qui
368 1260 433 1303 Cham
444 1267 535 1313 vocatur,
551 1262 639 1305 ludibrio
650 1262 722 1304 habuit

61 1344 150 1393 patrem,
171 1342 192 1377 et
210 1337 230 1378 in
249 1334 351 1391 peccatis¹¹
369 1335 480 1391 'impietatis
499 1335 620 1391 reprobatus
638 1342 723 1392 propter

62 1408 148 1466 [factam]
165 1410 185 1450 in
196 1414 278 1463 vpatrem
297 1408 443 1450 contumeliam
462 1415 483 1449 et
497 1408 641 1462 ignominiam,
662 1408 722 1450 male-

61 1483 139 1539 dictum
153 1481 252 1535 accepiet,
269 1488 289 1522 et
299 1481 317 1523 ei
332 1495 385 1534 quae
397 1481 424 1523 ab
435 1496 460 1522 eo
470 1480 539 1535 proles
549 1480 603 1523 sacta
615 1489 646 1523 est
659 1480 722 1523 omm‘

60 1555 128 1596 attulit
142 1568 154 1595 a
170 1553 286 1604 maledicto,
307 1552 362 1593 unde
377 1553 457 1603 accidit¹
478 1558 501 1593 ut
515 1553 588 1604 omnis,
606 1567 660 1608 quae
675 1560 723 1608 post

61 1641 119 1679 eum,
139 1626 244 1681 generatio
263 1624 373 1667 maledicta
387 1625 455 1675 fieret,
475 1625 496 1666 in
513 1626 604 1679 peccatis
623 1632 684 1667 aucta
703 1632 723 1666 et

61 1699 201 1755 multiplicata.
231 1697 273 1741 Sed
288 1697 336 1741 Sem
357 1706 378 1740 et
395 1698 468 1753 laphet
487 1696 558 1739 fratres
577 1699 620 1740 eius
639 1705 724 1754 propter

63 1769 192 1829 [praestitam]
208 1771 229 1813 in
244 1778 323 1826 patrem
338 1772 436 1826 pietatem
451 1770 616 1813 benedictionem
632 1771 723 1815 obtinue-

62 1854 113 1889 runt.
137 1845 271 1888 Maledictum
281 1846 342 1900 igitur
349 1844 427 1895 Chami,
439 1859 480 1900 quo
491 1846 509 1886 ei
520 1844 656 1905 maledicebat
666 1851 724 1899 pater

96 1984 139 2016 ¹Gn
152 1984 167 2024 6,
178 1965 195 2016 ¹8.
277 1981 322 2016 lGn
335 1985 350 2025 6¹
365 1984 426 2027 18sq.;
440 1991 454 2025 7,
468 1993 494 2017 21.
557 1976 559 1981 '
576 1982 620 2016 ³Gn
633 1985 648 2026 6,
662 1991 676 2025 9.

276 2042 282 2063 ⁵
295 2044 321 2076 Gn
334 2052 348 2083 9,
363 2053 382 2075 21
392 2055 426 2087 sqq.
576 2038 577 2041 ¹

93 2168 99 2182 ²¹
111 2165 156 2195 Arm,
169 2161 198 2193 inf.
262 2160 274 2180 '¹'
286 2161 328 2192 Tul:
341 2172 366 2192 am
379 2161 435 2192 Leben
447 2161 497 2193 hlieb.
567 2161 617 2192 12ΤΜ
629 2172 660 2193 om.

93 2221 100 2242 d
112 2222 144 2255 TM
156 2232 198 2254 om:
211 2220 282 2253 aliorum.
335 2225 341 2240 θ
353 2220 395 2254 TM:
408 2220 454 2255 Sind.
474 2221 492 2254 ln
504 2231 542 2254 ann,
552 2220 602 2254 hahes
610 2220 725 2265 imperfectum.

93 2282 99 2303 l
110 2283 151 2316 TM:
168 2292 200 2314 von
213 2282 270 2314 denen.
294 2282 313 2314 In
330 2292 368 2314 arm.
381 2282 459 2314 invenitur
472 2281 564 2325 singularis,
580 2282 612 2325 qui,
629 2281 660 2314 nisi
675 2282 724 2314 errori

64 2346 126 2378 scribae
138 2344 210 2383 debetur,
223 2344 239 2375 in
252 2344 289 2376 Noe
301 2343 395 2376 referendus
407 2349 435 2376 est.

28 2409 33 2419 ⁴
92 2410 99 2431 ἐ’
110 2405 143 2438 TM
155 2404 206 2437 libere
218 2404 246 2437 sed
259 2404 319 2437 nullam
327 2404 444 2437 correctionem
452 2404 520 2447 adeptus
529 2403 617 2437 transtulit:
632 2403 690 2437 «Denn
699 2402 725 2436 die

64 2466 154 2499 ntenschen
166 2465 236 2497 nahmen
248 2466 290 2498 nach
303 2465 332 2497 der
343 2465 408 2498 Sinrflut
419 2478 451 2498 von
464 2467 520 2498 diesen
532 2466 578 2498 ihren
587 2467 654 2509 Aniang
665 2476 701 2497 an.»

92 2525 98 2545 '¹
111 2526 152 2558 Tit:
165 2536 184 2557 zu
197 2526 225 2557 der
236 2526 323 2559 rucblosen
336 2524 391 2557 Stinde
402 2526 496 2558 verdammt.

94 2585 98 2607 t
110 2588 151 2619 Tul:
165 2586 207 2618 allen
220 2587 279 2627 denen,
292 2588 318 2619 die
330 2598 362 2618 von
375 2587 408 2618 ihm
420 2587 540 2619 herstammten.
