1606 2792
57 155 78 188 86
159 156 197 188 Pars
209 156 228 187 H.
245 156 305 188 Divina
317 155 471 205 auetoritalehristi
484 156 575 190 mediatoris
587 162 617 189 etc.

57 264 121 306 verbo
142 266 181 307 oris
200 263 231 305 sui
250 270 271 306 et
290 264 372 319 spiritu³
389 279 426 320 per
443 265 496 308 labia
513 263 599 323 [emisso]
615 267 721 310 subvertet

58 339 124 380 uirum
138 337 223 392 impium
229 335 242 379 b.
269 338 297 379 Et
312 338 349 379 erit
364 339 453 381 cinctus⁰
468 353 526 380 renes
541 340 621 390 iustitia,
637 347 658 382 et
672 340 721 382 ueri·

52 419 101 454 >tate
119 412 269 454 circumdatusd
283 411 350 454 laterav
362 427 404 454 sua.
432 413 460 455 Et
475 418 581 468 pascetur⁰
596 413 656 468 iupus
674 429 721 455 curn

59 499 114 541 agno
130 491 150 527 et
165 485 241 542 pardus
257 499 303 527 cum
319 485 386 527 haedo
405 492 426 527 et
440 485 515 528 uitulus
530 493 551 528 et
565 486 597 528 leo
613 486 672 529 simut
688 487 721 529 de·
761 510 762 513 ¹

60 564 150 613 pascent.
176 557 204 599 Et
218 557 314 612 paruulus
329 571 380 612 puer
394 559 414 599 in
430 557 521 600 foramen
536 559 652 614 viperarum
667 565 687 601 et
702 560 722 600 iu

59 631 130 674 nidum
146 630 168 687 (i)
189 637 282 673 natarum
303 632 418 686 viperarum
439 645 522 674 manum
543 632 635 688 porriget
655 647 722 688 neque

61 705 165 747 nocebunt
180 705 204 746 ei.
226 705 254 746 Et
269 705 306 746 erit
320 706 340 746 in
356 706 389 747 die
404 705 438 747 ilia
452 706 510 746 radix
522 706 583 756 Iesse,
599 713 620 747 et
635 707 669 761 qui
682 720 722 747 sur-

60 779 89 832 git
109 777 209 820 dominari
226 777 246 818 in
264 783 343 832 gentes,
365 776 397 835 [et]
413 778 433 820 in
453 793 500 820 eum
515 784 588 832 gentes
604 779 721 833 sperabunt.

60 851 88 892 Et
106 852 142 892 erit
160 850 291 892 resurrectiof
304 851 347 891 eius
362 850 456 905 gloriati
486 851 524 892 Per
539 852 590 893 haec
606 849 680 908 [verbai
696 853 722 893 ab

61 938 91 975 ea,
108 936 161 978 quae
176 936 241 977 genus
256 922 319 965 habet
333 937 346 966 a
360 923 442 966 Davide
457 930 477 966 et
490 923 582 975 Abraha¹
599 923 660 966 dicit¹¹
676 938 723 966 eum

61 997 123 1040 nasci.
148 995 252 1052 Quoniam
267 996 322 1038 Iesse
337 996 447 1051 progenies
462 1002 505 1039 erat
517 996 615 1039 Abrahae
630 1004 651 1040 et
666 1003 724 1053 pater

62 1069 157 1120 Davidis,
178 1067 300 1124 progeniesf,
321 1083 374 1124 quae
394 1069 501 1125 concepitk
520 1068 629 1112 Christum.
657 1070 723 1125 Virgo

61 1143 115 1185 facta
130 1149 161 1184 est
175 1142 237 1196 igitur
251 1143 317 1197 virga;
338 1149 359 1184 et
374 1149 459 1198 propter
474 1143 515 1184 ho'c
533 1150 553 1185 et
567 1143 652 1197 Moyses
667 1144 724 1198 uirga

62 1217 146 1259 virtutes
156 1214 257 1258 Pharaoni
267 1214 419 1258 ostendebat¹¹.
441 1215 469 1258 Et
483 1216 539 1270 apud
554 1214 604 1258 aiios
620 1216 697 1258 etiamnl
712 1229 723 1257 e

62 1289 180 1332 hominibus
190 1289 297 1344 potestatis
308 1290 389 1344 signum
400 1296 431 1331 est
440 1291 497 1344 virga
507 1290 567 1344 (ista).
586 1291 614 1332 Et
627 1290 721 1332 «florem»

62 1363 112 1404 dicit
126 1375 201 1418 corpus
216 1363 265 1413 eius,
283 1362 340 1416 quod
356 1376 368 1403 a
383 1361 458 1417 Spiritu
473 1363 549 1404 factum
565 1369 601 1414 est,
622 1369 645 1404 ut
659 1361 723 1418 pullu-

63 1436 118 1488 laret,
135 1437 188 1479 sicut
203 1435 258 1490 prius
273 1435 368 1478 diximus.

92 1511 124 1551 60.
140 1510 243 1551 Verum¹¹2
262 1523 315 1550 «non
330 1509 444 1550 secundum
460 1510 566 1564 opiniones
580 1510 679 1552 iudicabit
691 1524 724 1550 ne-

62 1599 103 1639 que
123 1582 238 1625 secundum
257 1595 362 1624 sermones
381 1588 462 1636 arguet,
483 1582 520 1624 sed
539 1581 636 1625 iudicabit
655 1582 725 1624 humili

93 1698 134 1732 1Ex
147 1708 162 1740 4,
176 1708 229 1742 zsqq.

91 1832 99 1847 ὓ
110 1826 152 1860 Tur:
165 1826 225 1866 Rache,
239 1826 283 1867 quod
295 1825 345 1857 textui
358 1836 423 1857 armeno
435 1825 501 1857 minime
513 1825 592 1869 congruit.

90 1887 151 1921 bTM:
164 1888 196 1919 den
209 1886 300 1919 Gottloseu.
347 1882 348 1885 ¹

91 1949 141 1980 ⁰TM
154 1948 269 1981 substantivum
283 1948 344 1979 «Guru
358 1959 388 1990 pro
400 1947 486 1990 participio
499 1948 544 1980 verbi
556 1949 614 1990 posuit.

91 2009 98 2030 ¹¹
109 2011 129 2042 In
141 2014 185 2042 textu
197 2019 262 2042 armeno
274 2009 325 2041 habes
337 2008 439 2052 participium
452 2009 491 2041 alius
502 2008 553 2048 verbi¹
569 2009 612 2052 quod
623 2008 656 2041 Thi
668 2008 726 2040 iterum

65 2073 125 2105 «Gurt»
140 2071 192 2103 vertit.
279 2070 338 2101 ΒΤΜι
353 2067 411 2113 (Gras)
423 2071 490 2102 fressen.
559 2068 617 2101 fTM:
630 2069 725 2101 Aufsteheu.

91 2131 142 2164 tTM
154 2130 208 2175 posuit
220 2130 316 2165 adiectivum
331 2130 421 2164 «henrich»
435 2141 464 2174 pro
476 2130 575 2163 substantivo
587 2140 657 2163 armeno.

92 2192 100 2212 ¹¹
111 2194 153 2225 TM:
166 2192 267 2225 bezeichnet.

95 2253 99 2275 ῑ
111 2254 144 2285 ΤΜ
156 2252 251 2296 praeponit:
267 2253 330 2293 dessen,
346 2253 389 2296 quod
401 2253 418 2285 in
430 2257 474 2285 textu
487 2263 552 2285 armeno
563 2263 597 2284 nou
609 2251 659 2293 adest,
673 2255 688 2285 et
700 2251 726 2284 ad-

64 2314 124 2347 iunxit:
138 2315 181 2348 aber.

91 2374 153 2408 kTM:
171 2375 198 2408 die
209 2375 271 2408 Mutter
282 2375 342 2407 wurde.
362 2375 424 2415 Versio¹
438 2385 486 2418 quam
497 2375 530 2406 TM
542 2375 612 2415 exhibet,
629 2384 663 2406 nou
676 2384 726 2406 corre-

64 2437 133 2480 spondet
145 2436 198 2470 ordini
210 2441 266 2477 tenus,
283 2447 331 2480 quem
344 2435 360 2468 iu
372 2447 437 2468 armena
449 2436 504 2480 lingua
516 2435 572 2476 edidit,
590 2435 662 2479 quamvis
674 2434 726 2467 versio

64 2498 122 2531 clarior
134 2508 168 2530 esse
180 2497 258 2530 videatur.
279 2496 319 2530 Eam
329 2502 392 2530 secutus
400 2496 471 2545 seribere
479 2496 568 2530 debebam:
581 2496 672 2540 progenies,
685 2507 727 2539 quae

64 2559 139 2602 concepit
148 2559 233 2599 Christum,
246 2559 292 2602 virgo
301 2559 342 2590 iaetu
354 2564 377 2590 est
389 2558 437 2601 igitur
444 2559 494 2601 virga.
552 2556 556 2577 ¹
568 2557 609 2589 TM:
621 2557 650 2590 hat
658 2557 725 2601 gezeigt.

90 2620 154 2652 ¹11TM:
167 2620 208 2651 auch
221 2627 270 2653 sonst.
339 2623 347 2637 ¹¹
359 2619 392 2650 ΤΜ
403 2623 446 2651 recte
459 2619 531 2662 supplet:
545 2618 596 2651 durch
607 2617 703 2650 dieWorre.
