1606 2792
143 120 155 152 1.
168 118 194 151 De
206 117 222 151 S.
231 117 293 150 irenaei
306 117 359 160 operis
372 116 462 157 traditione,
476 116 551 156 editione,
564 116 668 149 versionibus.
728 125 736 156 3

77 230 166 272 editores
179 233 322 281 cognoverunt
332 227 426 268 codicem
441 226 602 280 manuscriptum
612 225 667 267 iussu
676 225 738 266 archi-

78 303 169 359 episcopi
183 287 275 350 loannis,
296 299 330 354 qui
350 300 377 340 ob
397 300 528 354 praecipuam
547 312 605 340 suam
624 299 738 339 doctrinam

81 374 193 417 «Rabbun»
218 371 403 426 cognominabatur
426 379 447 413 et
468 370 549 414 Ciliciae
572 372 625 426 regis
646 371 739 413 Hethum

78 447 235 503 (1226-1270)
246 444 307 487 irater
317 451 366 496 erat,
383 451 488 486 exaratum
502 459 551 486 esse.
576 443 674 498 Quicum
685 458 739 486 anno

81 529 134 574 1259
145 520 171 561 ad
182 519 303 572 dignitatern
315 516 453 572 episcopalem
464 524 547 559 evectus
559 518 590 567 sit,
607 531 660 559 anno
671 524 738 559 autem

81 596 134 647 1289
145 592 223 643 obierit,
240 599 261 634 et
276 606 322 634 curn
338 591 358 633 in
373 590 421 633 solis
437 591 584 633 recentioribus
599 592 741 653 manrpcriptis

79 681 154 709 nomen
167 665 315 719 archiepiscopi
330 664 349 705 ei
359 664 424 714 detur,
441 662 499 704 facile
514 664 643 705 concluditur
658 665 679 705 id
691 671 740 705 tem·

79 753 129 795 pore
144 752 157 781 a
175 746 229 791 1270
244 738 271 778 ad
289 738 342 790 1289
357 737 427 791 elapso
443 736 520 778 facturn
536 737 602 779 esses.

107 812 203 854 Editores
218 810 377 865 descriptionem
396 810 528 864 manuscripti
543 809 631 860 codicis,
651 811 687 864 qui
701 810 741 851 hoc

80 900 132 940 opus
147 884 225 925 irenaei
240 883 337 934 continet,
358 883 425 924 textui
439 896 481 923 non
496 889 642 936 apposuerunt.
670 882 742 924 Solum

80 972 107 999 ex
122 957 255 1000 annotatione
265 957 386 1012 paginarum
401 957 444 998 eius
458 957 479 997 in
494 957 586 1011 margine
601 956 695 998 editionis
708 957 742 999 ad·

80 1032 149 1073 iuncta
164 1029 229 1073 lector
243 1030 300 1072 videt
309 1036 389 1071 textum
401 1029 449 1071 solia
460 1035 507 1071 222r
517 1043 582 1084 usque
594 1030 642 1072 268V
657 1031 742 1085 operire.

81 1104 154 1158 Neque
170 1105 231 1145 etiam
246 1104 266 1144 in
282 1103 372 1145 editione
387 1117 481 1144 ormenae
495 1103 667 1157 interpretationis
677 1105 743 1157 quarti

28 1231 30 1235 .
82 1183 102 1218 et
123 1175 188 1231 quinti
208 1174 253 1218 libri
272 1175 349 1218 Irenaei
368 1174 475 1218 Aduersus
494 1175 589 1218 haereses
611 1176 742 1226 refutationis,

61 1298 64 1303 .
83 1248 377 1304 111111111111329111311116222Υ
391 1249 483 1290 eiusdem
498 1249 575 1290 codicis
590 1248 683 1300 habetur,
699 1248 743 1290 libri

84 1321 193 1374 descriptio
209 1321 323 1361 accuratior
338 1320 451 1362 exhibetur.

111 1393 254 1446 interpretatio
270 1406 367 1446 germana
382 1406 394 1433 a
408 1392 435 1435 D.
449 1392 537 1434 Nicolao
550 1392 609 1444 Fiat,
630 1393 745 1446 professore

83 1463 134 1507 illius
149 1464 230 1519 linguae
249 1465 269 1506 in
287 1464 417 1506 universitate
431 1464 563 1515 Beroiinensi,
583 1465 689 1520 recognita
707 1472 744 1507 est.

84 1537 174 1579 Adolfus
189 1544 258 1579 autem
268 1523 366 1579 Harnacl(
379 1525 567 1592 interpretationem
579 1537 746 1580 annotationibus

84 1610 184 1651 historicis
202 1616 222 1651 et
237 1610 310 1651 criticis
325 1610 392 1660 auxit,
412 1623 464 1664 quae
479 1610 505 1651 ad
521 1609 583 1651 finem
598 1610 692 1652 editionis
708 1624 747 1653 una

85 1697 132 1725 cum
148 1682 239 1725 eiusdem
254 1669 343 1726 auctoris
358 1681 441 1738 epilogo
456 1683 592 1725 addebantur.

113 1755 160 1797 Alia
175 1756 241 1797 versio
256 1768 354 1810 germana
369 1756 395 1796 ab
411 1747 495 1797 anctore
509 1755 570 1796 huius
585 1755 659 1797 latinae
673 1757 747 1798 versio·

85 1827 115 1869 nis
130 1842 183 1870 anno
197 1839 250 1881 1909
265 1827 319 1869 facta
334 1835 354 1869 et
368 1840 419 1881 1912
436 1828 491 1869 edita
506 1829 557 1870 est2.
580 1828 635 1869 Inter
650 1842 711 1882 quam
727 1837 748 1870 et

85 1899 187 1942 editorum
197 1906 266 1942 tentus
280 1901 356 1943 armeni
369 1900 483 1942 versionem
494 1899 545 1942 haec
556 1899 669 1943 differentia
682 1902 748 1942 notari

86 1973 154 2024 debet,
167 1980 190 2015 ut
201 1975 309 2016 doctorum
320 1974 459 2014 Armenorum
470 1975 659 2028 interpretationem
668 1981 748 2016 textum

2 2102 3 2105 Ἴ
85 2046 112 2087 ad
127 2047 213 2096 verbnm
228 2047 343 2102 exprimere
357 2045 456 2098 voluisse,
477 2046 561 2089 alteram
576 2048 652 2101 ingenii
667 2048 749 2102 linguae

33 2125 34 2129 ’
87 2117 234 2180 Germanorum
246 2120 344 2174 imprimis
358 2119 458 2162 rationem
467 2119 496 2161 ita
505 2119 600 2162 habuisse
611 2120 711 2171 attendas,
727 2127 750 2162 ut

86 2192 149 2234 verbo
164 2205 248 2234 armeno
264 2192 346 2234 minime
361 2192 464 2248 neglecto,
480 2192 516 2235 ubi
531 2192 748 2235 sono'Germanorum

118 2323 122 2344 ¹
135 2323 190 2358 Editio
205 2332 252 2366 1907,
265 2337 281 2369 p.
294 2333 318 2359 111.

116 2384 122 2403 l
135 2386 169 2418 Des
181 2386 203 2419 ht.
214 2386 289 2418 lrenaeus
302 2385 361 2418 Schrift
377 2396 413 2417 zum
425 2386 485 2418 Erweis
502 2387 531 2418 der
547 2386 665 2429 apostolisrhen
678 2386 750 2417 Verlrtin-

88 2444 155 2488 dhgnng,
168 2457 196 2479 aus
205 2447 241 2478 dern
250 2442 368 2479 Armenischen
381 2446 460 2479 tibersetzt
470 2457 500 2479 ron
510 2447 538 2480 Dr.
548 2446 604 2479 Simon
611 2445 676 2487 Weber,
689 2445 750 2479 11111)-

88 2506 138 2538 lessor·
154 2519 174 2540 an
192 2508 220 2539 der
236 2507 331 2540 Universita't
347 2507 426 2550 Freiburg
443 2509 452 2541 i.
465 2509 501 2549 Bn,
519 2508 600 2551 liempten
617 2508 650 2539 und
663 2507 750 2546 illinchen,

88 2564 144 2607 K'dsel,
159 2576 207 2606 1912.

626 2638 629 2660 l
639 2628 648 2647 D
