1606 2792
92 147 101 169 2
361 138 482 181 Prolegomeua.

92 247 184 302 elapsum
207 247 378 301 interpretationis
401 248 459 289 huius
481 261 591 303 germanae
615 248 677 290 editio
700 262 753 291 noua

92 320 219 362 emendatior
234 320 288 373 typis
303 333 380 361 excusa
396 322 447 363 est1.
469 321 556 362 Librum
568 327 671 375 repertum
684 335 754 363 revera

92 406 145 447 opus
160 391 180 435 S.
192 392 269 434 irenaei
284 406 328 434 esse
346 407 358 435 e
373 393 465 448 pluribus
480 394 545 448 iisque
561 394 677 436 certissimis
691 395 753 449 signis

92 467 223 521 perspicuum
237 472 274 509 est.
296 465 386 508 Primum
399 467 419 508 in
430 482 455 508 eo
465 467 551 522 vestigia
561 467 619 509 vides
629 472 752 522 temporum,

91 552 145 594 quae
159 544 249 582 aetatem
262 534 399 594 apostolicam
408 539 502 594 proxime
512 539 622 581 subsecuta
632 545 685 591 sunt,
701 540 753 581 sicut

91 612 117 654 A.
128 611 225 654 Harnaclr
240 618 307 654 ratum
317 612 394 655 habuit
414 612 468 654 Nam
478 614 524 665 (c3
539 613 563 654 61
576 613 611 665 98)
624 618 696 654 auctor
706 612 753 654 doc-

91 685 154 726 trinae
170 699 219 727 suae
234 685 316 726 testium
327 685 500 739 presbyterorum
515 686 616 735 meminit,
638 699 691 739 quos
706 697 753 739 apo—

91 757 190 800 stolorum
202 757 314 813 discipulos
329 771 420 812 suosque
430 758 539 812 magistros
550 755 646 813 appellat.
663 756 753 799 Pericula

92 831 232 884 gnosticorum
248 844 338 872 errorum
353 829 488 872 imminebant
502 830 600 873 ecclesiae
616 837 636 872 et
649 837 753 871 auctorem

92 903 159 956 operis
177 901 321 957 impellebant,
341 909 364 943 ut
381 902 487 956 pestiferas
506 903 706 955 eorumsssententias
725 916 753 943 re·

92 974 165 1017 tutaret
175 975 224 1029 (ea
240 986 262 1016 11
278 976 304 1028 38
319 986 348 1027 44
362 983 387 1027 45
402 975 429 1027 46
441 976 477 1029 97)
490 976 666 1030 detestareturque
676 973 701 1028 (c.
716 987 723 1016 1
741 986 752 1016 2

91 1048 132 1102 99).
152 1048 185 1090 Ne
200 1054 269 1090 autem
279 1047 361 1102 longius
371 1054 431 1102 putes
443 1061 469 1090 ea
478 1061 587 1103 progressa
601 1062 646 1089 esse
656 1046 751 1103 pericula,

91 1119 146 1161 haud
159 1133 204 1161 raro
215 1120 295 1161 doceris
310 1134 351 1161 non
367 1119 431 1161 modo
442 1119 567 1162 Christianos
576 1121 753 1174 persecutionibus

91 1193 133 1249 peti
143 1194 168 1247 (c.
183 1202 207 1247 17
218 1194 253 1247 48)
264 1200 284 1234 et
294 1193 383 1236 iudaeos
397 1193 500 1248 abnegare
511 1193 613 1236 Christum
623 1206 753 1248 perseverate

91 1266 116 1317 (c.
128 1266 169 1318 95),
185 1266 222 1306 sed
238 1266 300 1307 etiam
314 1266 439 1307 Iudaismum
456 1266 549 1308 foventes
564 1273 584 1307 et
599 1266 689 1316 ayPaulo
704 1281 752 1321 apo-

90 1336 145 1379 stolo
159 1335 232 1379 acriter
246 1336 377 1391 impugnatas
393 1338 500 1391 opiniones
515 1338 644 1392 quorundam
659 1337 752 1380 Christia-

91 1423 163 1451 norum
172 1409 237 1464 prima
247 1409 346 1451 memoria
353 1410 424 1451 haberi
432 1409 458 1463 (c.
468 1411 493 1462 87
506 1411 532 1462 89
545 1421 569 1462 91
583 1409 624 1463 95).
646 1409 753 1451 irenaeum

91 1489 159 1524 autem
175 1483 243 1535 operis
255 1488 360 1524 auctorem
372 1496 417 1523 esse
427 1472 474 1523 inde
487 1481 577 1536 colliges,
594 1482 651 1537 quod
662 1469 751 1523 Demon-

90 1556 193 1597 strationis
212 1554 272 1597 huius
291 1555 378 1610 scriptor
397 1554 554 1610 praedicationis
574 1554 699 1609 apostolicae
714 1554 752 1595 lec-

90 1635 156 1671 torem
172 1629 196 1683 (ο,
213 1627 248 1683 99)
264 1628 290 1669 ad
306 1628 371 1669 maius
385 1641 445 1669 suurn
460 1641 513 1682 opus
531 1627 557 1669 ad
573 1627 752 1682 reprehensionem

90 1708 111 1743 et
126 1702 287 1743 destructionem
298 1699 341 1742 falsi
356 1699 444 1742 nominis
458 1700 555 1742 scientiae
570 1699 709 1755 conscriptum
724 1714 752 1741 re·
793 1714 796 1722 ·

91 1779 157 1824 uocat,
174 1779 195 1814 et
209 1779 290 1814 textum
306 1772 382 1822 laudat,
398 1786 458 1827 quem
474 1773 493 1813 in
510 1787 572 1827 opere
587 1771 608 1815 S⁴
619 1772 696 1814 irenaei
708 1772 752 1813 Ad·

90 1860 159 1887 versus
169 1846 280 1886 haereses2
294 1846 389 1886 inuenies.
412 1843 549 1887 Confirmatur
561 1844 612 1887 haec
628 1845 654 1886 de
669 1851 752 1886 auctore

90 1919 189 1960 sententia
205 1931 280 1971 magna
295 1918 347 1960 inter
361 1916 411 1959 illud
427 1931 480 1973 opus
495 1923 515 1959 et
531 1917 583 1959 hanc
597 1917 752 1959 demonstratio·

90 2004 137 2032 nem
146 1989 257 2033 concordia
266 1990 364 2040 idearum¹
374 2003 427 2044 quae
437 1990 535 2045 imprimis
546 1989 630 2031 etribus
638 1990 752 2043 posteriori-

90 2066 129 2106 bus
144 2063 200 2106 libris
215 2062 287 2106 elucet.
313 2063 407 2117 Vestigia
422 2064 510 2105 auctoris
525 2064 587 2104 etiam
602 2070 690 2118 tempus,
710 2077 752 2118 quo

90 2153 143 2193 opus
157 2136 212 2179 istud
223 2135 362 2191 conscriptum
376 2136 408 2185 sit,
424 2134 554 2178 manifestant
564 2135 608 2178 dies
618 2141 666 2190 post
676 2148 751 2178 anuum

93 2219 131 2264 177
144 2224 164 2264 p.
176 2207 223 2250 Chr.
240 2207 327 2263 elapsos,
352 2208 386 2250 Ex
403 2207 569 2251 annotationibus
584 2209 603 2250 in
619 2209 664 2263 ipso
680 2209 752 2251 codice

91 2282 198 2332 contentis,
214 2280 312 2336 imprimis
324 2294 351 2323 ex
360 2281 510 2335 subscriptione
522 2281 542 2322 in
552 2280 593 2322 fine
604 2280 648 2322 libri
658 2281 752 2337 apposita

90 2404 111 2436 D.
120 2403 192 2446 Karapet
204 2402 236 2434 Ter
248 2402 375 2435 Mekerttschian
392 2388 425 2435 und
437 2402 471 2435 Lic.
480 2402 501 2434 D.
513 2401 583 2434 Erwaud
595 2400 627 2432 Ter
640 2400 752 2441 blinasseautz‚
769 2398 772 2401 “

90 2465 119 2497 mit
135 2464 188 2497 ciuem
202 2463 289 2497 Nachwort
306 2463 339 2496 und
350 2463 475 2506 Bernerkungeu
492 2472 524 2495 von
537 2461 568 2495 Ad.
581 2460 667 2498 limpach,
684 2459 753 2503 Leipzig

91 2524 128 2567 (TU
140 2525 170 2559 Bri.
179 2524 241 2565 XXXI,
254 2524 288 2557 Hft.
300 2522 317 2567 1)
332 2530 380 2566 1907.

119 2582 124 2604 ¹
137 2584 209 2629 Leipzig,
218 2583 300 2623 Hinriehs,
316 2584 363 2624 1908,
410 2582 416 2602 ²
430 2584 454 2617 Cf.
468 2595 481 2616 c.
491 2591 511 2622 99
525 2588 540 2613 ct
549 2583 590 2614 adu
600 2583 660 2614 haeres¹
670 2581 698 2621 l.3
712 2587 728 2613 et
736 2590 751 2620 4.
