1606 2792
265 125 293 158 IV.
307 124 332 157 De
345 124 398 168 operis
411 123 467 156 indole
479 128 495 155 et
507 122 543 155 fine.

168 246 204 289 IV,
223 245 262 288 DE
278 243 377 288 OPERIS
392 243 503 286 INDOLE
517 242 555 285 ET
571 242 642 284 FINE.

103 357 137 397 De
152 355 269 398 charactere
279 354 359 396 literato
370 353 429 394 huius
445 353 511 407 operis
526 354 546 394 in
562 352 645 406 epilogo
659 351 685 392 ad
695 364 737 392 uer-

75 430 160 480 sionem,
173 443 236 484 quam
246 428 335 471 editores
345 432 415 469 textus
426 426 502 469 armeni
512 424 644 475 exhibebant,
661 424 738 478 primus

75 501 166 543 Adollus
176 501 274 544 Harnack
289 500 388 543 disseruit.
410 498 452 552 Qui
467 513 520 554 opus
535 499 633 553 imprimis
648 498 675 540 ad
691 511 737 540 con·

76 575 182 618 fortandos
201 576 221 617 in
241 575 338 630 religione
359 572 467 616 christiana
486 572 557 615 fratres
576 572 674 627 scriptum
694 585 738 614 esse

76 655 140 703 putat,
158 650 250 704 quamuis
260 648 323 690 finem
338 647 464 690 refutationis
474 647 624 689 haereticorum
639 661 681 689 non
696 660 738 688 om·

76 724 124 764 nino
135 723 207 765 abesse
218 723 309 764 fateatur.
331 720 372 763 Sed
384 722 444 762 etiarn
455 721 481 761 ad
493 719 660 774 cognoscendam
671 718 691 761 S.
700 707 738 760 ire-

76 796 122 836 naei
137 794 302 837 observationem
312 793 451 847 theologicam
464 794 534 846 magni
543 792 564 833 id
577 805 621 833 esse
634 792 738 841 momenti,

77 881 124 909 eum
139 868 260 922 episcopum
276 866 409 909 clarissimum
424 880 508 907 munere
524 865 643 908 catechetae
655 864 739 919 fungen-

77 948 119 982 tem
139 948 185 983 ante
205 940 277 983 oculos
295 946 364 995 ponat.
390 939 510 980 Tractatum
529 939 584 979 hunc
603 938 740 979 aedificationi

78 1013 215 1056 catecheticae
225 1013 351 1056 inseruivisse
362 1018 424 1067 atque
435 1011 503 1053 omnia
512 1011 619 1063 religiosae
628 1010 738 1062 doctrinae,

77 1101 130 1141 quae
144 1088 254 1141 episcopus
260 1086 405 1141 Lugdunensis
415 1087 435 1126 in
447 1085 523 1127 maiore
528 1085 635 1127 Adversus
645 1085 740 1126 haereses

78 1161 134 1202 edito
149 1175 212 1216 opere
227 1160 363 1216 proposuerit,
383 1159 451 1214 capita
467 1159 528 1201 etiam
544 1159 576 1201 hic
590 1160 672 1215 suscipi,
693 1174 739 1203 cum

78 1247 119 1274 non
134 1233 202 1275 solum
216 1232 334 1288 theologiae
349 1233 386 1274 sed
400 1233 464 1288 ipsius
479 1232 553 1274 luerint
567 1232 652 1274 Irenaeo
662 1233 740 1286 religio-

79 1306 109 1347 nis
124 1306 213 1357 materia,
230 1319 291 1361 quarn
307 1311 330 1347 ut
345 1319 417 1347 omnes
432 1305 552 1347 christianae
565 1305 614 1348 fidei
628 1311 740 1348 sectatores

79 1385 187 1420 noscerent
202 1392 285 1421 necesse
301 1378 362 1420 fuisse
377 1377 410 1420 ille
426 1377 547 1431 putavisset,
567 1385 590 1420 ut
605 1377 667 1421 fidem
682 1392 740 1421 suam

79 1451 165 1505 quisque
182 1458 254 1493 contra
268 1452 382 1493 haereticos
397 1450 509 1493 defendere
524 1458 600 1506 posset.
630 1451 740 1492 Lectorem

79 1523 146 1577 operis
161 1537 288 1579 magnopere
304 1523 386 1574 moveri,
403 1537 450 1565 cum
460 1523 529 1566 videat
544 1530 633 1565 exeunte
648 1524 740 1565 secundo

79 1594 162 1637 saeculo
172 1596 270 1650 Lugduni
280 1595 406 1637 Christianos
419 1595 460 1638 hoc
475 1596 540 1638 modo
550 1596 659 1638 instructos
670 1603 690 1637 et
700 1610 741 1637 rec·

79 1675 112 1709 tos
128 1668 204 1719 fuisse,
216 1683 257 1724 quo
277 1666 311 1711 res¹
327 1669 463 1711 hierarchicae
483 1684 555 1711 omnes
570 1670 611 1711 fere
626 1669 741 1711 desideren-

79 1746 117 1790 tur,
138 1741 272 1782 caerimoniae
289 1741 400 1784 certissime
414 1742 549 1796 abnegentur,
569 1743 589 1783 in
604 1741 741 1796 spiritualibus

78 1818 148 1854 autem
162 1813 182 1854 in
197 1814 288 1864 ueritate,
304 1813 409 1856 uoluntate
424 1821 445 1856 et
460 1829 524 1870 opere
538 1816 610 1857 morali
625 1815 694 1857 omnia
706 1829 741 1870 po·
791 1822 794 1827 '

79 1885 117 1926 sita
132 1886 177 1936 sint,
194 1888 304 1927 auctoritas
314 1887 419 1928 Ecclesiae
435 1894 455 1927 et
470 1888 552 1928 traditio
568 1902 609 1928 non
620 1888 742 1928 inducantur

80 1963 101 1998 et
116 1956 263 2001 demonstratio
274 1958 350 2001 biblica
362 1958 455 2011 sufficiat,
471 1959 532 2001 etiam
543 1966 675 2010 sacramenta,
693 1973 742 2014 quo-

80 2044 124 2072 rum
140 2030 224 2072 omnino
239 2046 280 2073 uon
297 2031 349 2074 desit
365 2032 447 2083 mentm,
464 2033 566 2075 recedant,

108 2101 168 2145 Alius
188 2104 273 2145 auctorl
287 2103 340 2146 hanc
359 2105 481 2146 sententiam
497 2104 615 2160 approbans
630 2105 707 2147 irenaei
721 2105 741 2145 in

80 2174 120 2217 hoc
139 2188 201 2229 opere
222 2175 248 2218 de
267 2190 288 2218 re
307 2176 375 2219 ethica
389 2175 514 2230 patefactam
529 2178 644 2219 doctrinam
662 2176 742 2219 charac-

80 2247 157 2289 teribus
171 2260 219 2289 vere
237 2247 404 2290 «reformatoriis»
423 2249 513 2303 gaudere
528 2249 668 2305 proclamavit.
694 2249 742 2292 Ter-

80 2319 120 2361 tius
135 2321 221 2362 auct0r2
236 2319 295 2362 huius
311 2322 378 2375 operis
393 2336 440 2364 cum
453 2322 580 2377 Apostolicis
596 2322 742 2364 constitutioni-

80 2391 119 2434 bus
138 2398 159 2433 et
174 2391 194 2435 S,
206 2391 318 2447 Augustini
333 2394 366 2436 De
386 2393 535 2437 catechizandis
554 2394 639 2438 rudibus
655 2400 742 2438 tractatu

110 2511 115 2532 ¹
128 2513 196 2555 liniger,
209 2513 267 2546 Theol.
280 2513 424 2546 Literaturhericht
438 2521 486 2554 1907,
499 2524 514 2546 n.
524 2522 539 2554 3,
552 2525 568 2555 p.
578 2521 608 2554 301
619 2524 643 2555 sq.

109 2570 116 2590 2
128 2572 185 2606 Drews
194 2572 210 2604 in
219 2571 311 2606 Zeirschrm
319 2572 344 2605 fiir
353 2571 601 2607 neutestamentl.Wissenschaft
612 2578 659 2614 1907,
669 2572 701 2605 226
708 2583 742 2616 sqq.
