1606 2792
71 117 90 148 ro
197 146 198 149 ,
339 116 460 159 Prolegomena.
521 145 522 148 ,

34 255 36 257 -
68 224 135 279 pletae
150 227 195 268 sint.
226 223 331 278 Quantum
348 238 386 267 sua
400 224 518 276 interfuerit,
539 230 561 265 ut
575 225 630 267 hunc
646 227 729 267 demon-

68 298 171 339 strationis
185 298 246 338 iinem
263 306 410 352 assequeretur,
427 305 489 353 caput
501 298 528 339 66
544 297 612 348 docet,
628 298 664 339 ubi
679 298 730 340 haec

69 371 143 423 omnia,
159 372 211 413 sicut
225 371 349 424 prophetata
359 371 443 421 fuerant,
459 370 479 412 in
490 369 571 412 Christo
587 383 631 412 esse
646 369 730 425 impleta

69 458 165 499 expresse
180 443 273 485 affirmat,
299 443 373 498 Neque
388 444 487 485 rationem
503 449 563 494 tacet,
580 458 616 485 cur
626 441 671 485 talis
685 457 730 497 pro-

69 516 124 558 batio
137 517 163 558 ab
174 529 199 558 eo
210 517 261 558 tanti
271 516 367 570 ponderis
378 518 500 559 aestimetur.
520 516 575 557 Nam
584 517 605 557 in
616 516 683 571 capite
694 514 729 558 86.-

71 589 145 644 «Ergo,
161 591 177 631 si
192 590 373 644 prophetaverunt,
390 591 461 645 inquit,
478 589 592 645 prophetae
607 590 647 631 Dei
657 590 730 631 Filium

68 676 128 717 supra
139 669 213 704 terram
224 662 364 717 appariturum
376 677 425 714 esse,
442 663 489 704 etsi
499 662 679 717 prophetaverunt,
695 663 730 704 ubi

69 743 167 777 terrarum
186 742 207 776 et
222 736 329 790 quomodo
346 732 451 792 [nascatur]
468 742 488 776 et
504 736 549 790 quis
569 749 616 776 eum
631 749 730 790 apparere
750 752 752 757 ·

68 815 141 860 narret,
158 814 178 850 et
193 809 261 849 ornnia
277 809 328 849 haec
342 809 465 864 prophetata
476 808 577 850 Dominus
592 808 612 850 in
627 822 649 850 se
663 809 730 863 ipsum
784 842 786 844 >

68 881 163 936 suscepit,
175 879 233 922 firma
243 888 286 923 erat
296 888 366 923 nostra
377 881 428 923 fides
438 886 459 936 et
469 894 516 923 vera
526 881 683 936 praedicationis
693 887 731 922 tra-

70 955 119 996 ditio
134 954 155 997 id
171 956 238 1008 ipsum
253 961 284 996 est
299 954 441 1009 apostolorum
456 954 614 996 testimonium.»
636 953 731 996 Similiter

68 1028 88 1068 in
104 1027 171 1081 capite
186 1038 213 1078 40
228 1026 295 1081 leges:
315 1028 366 1068 «Hic
383 1025 450 1083 [Iesus]
468 1061 506 1069 ...
521 1028 611 1069 venitin
626 1019 729 1075 Iudaeam,

69 1106 142 1141 unctus
153 1099 198 1149 Dei,
214 1100 326 1141 ostendens
340 1100 408 1153 ipsum
423 1113 468 1141 esse
478 1100 533 1153 prius
543 1099 683 1153 praedicatum
694 1113 731 1152 per

69 1171 200 1227 prophetas.»
232 1173 327 1214 irenaeus
347 1186 397 1228 ergo
417 1172 438 1214 id
457 1173 575 1228 spectabat,
596 1179 618 1214 ut
633 1171 730 1213 lectorem

69 1258 129 1286 suum
151 1245 177 1286 de
197 1244 310 1286 rationibus
332 1246 430 1295 erudiret,
454 1246 528 1299 quibus
549 1244 611 1286 fidem
633 1251 730 1294 nostram,

70 1317 190 1378 doctrinam·
202 1323 223 1358 66
238 1317 294 1371 leges
309 1331 362 1372 quae
376 1317 418 1359 fide
433 1324 533 1368 tenentur,
553 1332 623 1375 veram
638 1331 682 1359 esse
697 1332 730 1372 ap-

69 1397 133 1445 paret.
155 1389 213 1446 Quas
225 1391 314 1433 rationes
329 1405 350 1433 se
366 1398 387 1433 et
397 1390 495 1434 lectorem
505 1391 628 1446 cognouisse
638 1390 729 1445 putabat,

70 1476 117 1505 cum
132 1478 143 1506 a
154 1464 201 1505 Deo
211 1463 334 1518 profluxisse
345 1464 449 1506 doctrinas
464 1470 485 1506 et
495 1463 552 1519 leges
564 1462 666 1519 religionis
681 1462 731 1504 chri-

3 1581 5 1583 ,
69 1536 146 1578 stianae
165 1537 249 1579 videret.
280 1537 334 1578 Nam
353 1551 406 1591 quae
425 1537 498 1578 aDeo
514 1537 665 1591 profluxerunt,
684 1550 731 1590 uera

69 1615 122 1652 sunt.
144 1608 171 1651 Er
186 1623 198 1650 a
211 1608 257 1651 Deo
273 1608 416 1663 profluxerunt
431 1608 552 1651 christianae
566 1608 668 1663 religionis
684 1609 731 1649 doc-

69 1681 143 1732 trinae,
164 1670 272 1739 siJauctor
293 1695 362 1723 earum
383 1695 395 1722 a
414 1681 460 1722 Deo
481 1681 553 1722 missus
574 1687 605 1722 est
625 1680 667 1722 sive
688 1680 731 1735 ipse

69 1753 127 1794 Deus
142 1760 178 1795 est.
201 1753 273 1808 itaque
283 1754 383 1804 irenaeus,
399 1759 423 1795 ut
437 1739 540 1808 religionis
553 1754 673 1795 christianae
684 1753 731 1795 doc-

69 1825 130 1868 trinas
146 1820 235 1881 generali
250 1826 340 1881 quadam
356 1827 434 1869 ratione
449 1841 508 1869 veras
523 1840 567 1869 esse
582 1827 689 1882 probaret,
710 1827 730 1868 id

70 1899 150 1952 assequi
170 1898 250 1950 debuit,
273 1906 295 1941 ut
314 1899 396 1954 signum
415 1900 543 1950 ostenderet,
564 1913 605 1954 quo
625 1898 731 1941 manifeste

70 1970 172 2013 Christum
188 1972 257 2014 aDeo
272 1972 357 2014 missum
373 1986 417 2014 esse
432 1979 545 2027 appareret,
567 1972 648 2013 Revera
661 1972 682 2013 id
693 1971 731 2014 fac·
783 1977 786 1981 “

69 2051 113 2085 turn
129 2058 173 2086 esse
193 2059 218 2085 eo
234 2044 339 2099 probatur,
360 2046 417 2098 quod
433 2045 546 2100 prophetae
566 2059 613 2087 eum
628 2046 684 2099 prius
699 2059 731 2088 an·
763 2085 765 2088 .

69 2117 190 2158 nuntiabant
202 2123 223 2158 et
233 2117 356 2171 prophetata
369 2118 437 2159 omnia
448 2117 467 2160 iu
478 2131 503 2158 eo
514 2117 656 2171 implebantur.
677 2116 731 2158 Nam

70 2188 136 2230 sutura
151 2189 202 2231 scire
218 2203 284 2243 eaque
298 2189 421 2240 hominibus,
437 2197 547 2245 antequam
562 2189 617 2241 fiant,
634 2195 689 2232 certe
704 2203 731 2230 re-

65 2261 137 2302 'velare
155 2259 218 2303 solius
236 2261 277 2303 Dei
296 2267 332 2305 est.
364 2259 430 2316 Quem
450 2262 511 2316 igitur
529 2262 587 2303 Deus
606 2261 732 2303 missurn-iri

69 2333 171 2388 praedixit
189 2340 209 2375 et
224 2334 244 2375 in
260 2348 302 2389 quo
317 2335 421 2387 praedicta
436 2349 448 2376 a
463 2335 509 2376 Deo
525 2335 609 2389 impleta
626 2348 670 2376 esse
685 2347 731 2376 con·

69 2411 115 2456 stat,
131 2406 148 2448 is
162 2419 210 2448 vere
225 2419 236 2448 a
249 2407 295 2471 Deo
311 2408 384 2448 missus
399 2414 430 2448 est
445 2413 465 2447 et
481 2408 548 2448 divina
563 2407 684 2448 auctoritate
699 2420 731 2447 ua·

69 2477 112 2519 lens
128 2479 230 2521 doctrinas
246 2486 266 2521 66
281 2478 337 2533 leges
352 2480 430 2532 statuit,
447 2485 467 2521 et
482 2480 571 2521 rationes
586 2479 675 2521 veritatis
690 2477 732 2520 reli·

70 2550 136 2604 gionis
155 2545 283 2593 christianae
295 2551 401 2606 generales
422 2552 488 2593 attulit
507 2552 526 2593 in
547 2551 627 2593 Christo
649 2557 732 2593 auctore
