1606 2792
56 141 66 172 4
219 125 222 128 ’
326 131 448 174 Prolegomeua.

56 241 137 297 linguae
153 242 173 284 id
184 241 249 296 magis
262 232 375 295 congruere
385 241 498 291 videbatur,
514 254 585 282 sensus
596 242 716 297 exprimere·

56 321 89 359 tur
104 315 130 358 de
146 329 212 358 sensu.

85 395 224 437 Armenorum
243 394 346 435 editorum
360 395 426 436 versio
441 399 510 436 tamen
525 394 580 436 hunc
595 395 656 437 finem
676 407 718 436 non

56 469 76 509 in
92 468 187 510 omnihus
201 468 294 521 partibus
309 475 402 510 assecuta
417 474 454 519 est,
470 473 493 509 ut
503 467 564 508 fidele
576 467 686 510 verborum
697 475 718 509 et

56 555 125 582 verum
138 540 290 594 intellegentiae
305 542 348 582 sine
363 554 431 582 errore
441 540 547 595 speculum
558 541 578 583 in
589 540 658 596 lingua
669 540 717 584 Ger·

56 626 162 655 manorum
179 619 238 654 esser,
269 611 332 667 Quod
347 614 386 654 iam
403 612 481 654 auctori
496 611 577 654 alterius
591 615 611 654 in
627 613 718 668 linguam

57 685 206 729 Germanorum
216 687 314 728 versionis
324 685 424 728 affirmare
434 685 496 738 licuit,
513 687 548 742 qui
561 687 582 728 in
591 687 717 742 praefatione

56 758 99 799 eius
121 759 220 800 modestis
241 758 308 800 verbis
329 759 432 800 asserebat
452 773 497 800 eam
519 773 560 800 non
580 760 600 801 in
622 759 717 801 omnibus

56 838 133 874 rectam
143 832 214 875 haberi
224 846 291 887 posse.
314 831 374 874 Hanc
388 832 509 874 sententiam
525 833 635 887 respiciens
645 833 671 877 D.
682 834 717 876 Er·-

56 906 116 945 vvand
129 904 170 945 Ter
181 903 311 945 Illinassiantz
326 905 346 945 in
362 904 410 945 folio
426 905 531 958 periodico
544 905 671 946 «Zeitschrift
687 907 718 947 fiir

55 974 260 1018 neutestamentliclie
267 962 430 1018 Wissenschaftv¹
436 978 525 1017 νοοᾶΐο1
534 988 585 1030 1913
595 979 668 1020 acriter
675 981 717 1033 qui·

56 1048 103 1090 dem
114 1049 167 1091 hanc
179 1050 291 1091 secundam
301 1050 417 1090 versionem
427 1049 562 1104 impugnavit,
574 1049 629 1092 nulla
639 1052 716 1093 ratione

55 1121 129 1163 indolis
148 1123 190 1163 eius
209 1121 288 1173 habita,
309 1135 371 1177 quam
389 1121 470 1176 penitus
488 1121 583 1176 ignorare
601 1120 715 1165 videbatur.

55 1194 136 1236 Auctor
156 1202 225 1236 autem
244 1195 286 1236 eius
306 1194 369 1236 atroci
388 1194 465 1248 impetu
482 1194 565 1248 dignum
585 1209 715 1250 responsum:

58 1266 214 1322 «Randglossen
228 1282 252 1309 zu
262 1266 303 1309 Ter
315 1265 461 1309 llllkrttschians
476 1266 518 1308 und
529 1266 571 1309 Ter
580 1267 715 1311 Minassiantz'
735 1309 739 1317 ,

55 1331 198 1395 llbersetzung
213 1354 254 1382 von
269 1341 306 1382 der
320 1340 426 1395 Epideixis
442 1341 478 1382 des
493 1339 519 1382 hl.
531 1341 646 1390 irenaeus»,
663 1356 716 1384 com-

55 1414 124 1466 posuit
139 1420 159 1455 et
174 1413 193 1454 iu
209 1412 315 1467 periodico
333 1412 388 1454 «Der
402 1410 515 1454 Katholik»
531 1418 607 1454 vocato
625 1413 716 1465 191412

55 1486 75 1527 in
90 1485 156 1528 lucem
172 1485 245 1535 edidit,
266 1499 313 1527 cum
332 1485 445 1527 emendatis
460 1485 495 1540 qui
513 1484 533 1526 in
548 1498 606 1526 suam
621 1485 717 1540 interpre-

55 1559 153 1600 tationem
166 1559 287 1612 irrepserant
298 1557 400 1599 erroribus
414 1558 480 1612 ipsam
493 1557 607 1598 versionem
623 1557 717 1600 aDTer

54 1631 190 1673 llllrrttschian
206 1637 226 1672 et
241 1644 253 1672 a
267 1629 294 1673 D.
303 1630 345 1672 Ter
355 1620 575 1672 Minassiantzeditam
591 1636 612 1671 et
627 1630 653 1672 ab
668 1631 716 1685 ipsis

55 1706 109 1745 ute
129 1703 193 1745 verbo
214 1702 316 1744 redditam
337 1701 485 1756 proclamatam
503 1700 595 1755 plurimis
615 1701 716 1744 erroribus

54 1775 147 1818 laborare
162 1783 183 1817 et
198 1774 341 1816 omissionibus
361 1780 381 1815 et
396 1773 559 1828 appositionibus
574 1773 643 1816 valore
658 1789 716 1818 accu-

55 1856 109 1890 ratae
125 1855 145 1889 et
160 1863 172 1889 e
187 1847 250 1888 verbo
262 1846 329 1889 factae
343 1847 441 1889 versionis
455 1847 475 1888 in
490 1846 559 1888 multis
571 1846 622 1888 locis
635 1847 716 1896 destitui

19 1918 21 1922 ⁴
54 1921 209 1962 demonstraret.
241 1919 333 1974 Quorum
352 1921 373 1961 in
393 1918 489 1961 auxilium
506 1918 626 1962 D.Ltidtl<e
644 1919 716 1962 biblio·

53 1991 154 2035 thecarius
170 1985 304 2034 universitatis
315 1992 416 2033 Kielensis
431 1991 522 2033 intendit.
544 1991 596 2033 Cum
611 2005 671 2045 supra
682 1994 715 2034 de-

54 2066 141 2120 scriptae
160 2064 234 2107 indolis
249 2064 346 2106 versionis
364 2063 468 2106 secundae
486 2077 554 2119 neque
568 2063 601 2105 hic
616 2054 718 2106 rationem

54 2137 139 2179 haberet
156 2143 177 2179 et
191 2142 317 2192 supponeret
332 2149 378 2178 eam
392 2135 445 2179 sicut
460 2134 597 2177 Armenorum
613 2135 714 2177 editorum

54 2216 76 2251 ut
95 2211 122 2251 ad
140 2209 225 2251 verbum
245 2223 364 2263 expressam
379 2208 450 2250 haberi
464 2207 526 2258 velle,
547 2208 624 2250 factum
643 2215 674 2250 est
693 2216 716 2251 ut
772 2262 773 2265 Ἴ

54 2282 146 2325 Armeno
158 2281 227 2325 critico
238 2296 342 2324 assensum
353 2280 465 2337 praeberet.
488 2279 543 2323 Num
559 2280 577 2322 ei
587 2280 666 2323 licuerit
676 2281 715 2324 hac

53 2356 195 2410 suppositione
208 2355 250 2406 niti,
266 2368 313 2396 curn
324 2355 344 2396 in
356 2352 524 2408 «Randglossenv
538 2353 578 2395 iam
589 2352 714 2396 declaratum

54 2426 134 2477 fuisset¹
154 2440 215 2482 quem
234 2426 414 2480 finemeinterpres
434 2426 534 2481 attingere
553 2425 662 2478 voluisset,
683 2426 715 2468 alii

83 2583 87 2604 1
101 2583 171 2622 Giessen,
184 2583 209 2615 ed.
218 2583 315 2617 Preusclren,
340 2625 341 2628 Ἴ
385 2582 501 2625 2Moguntiae,
515 2583 540 2616 ed.
550 2582 617 2615 Schaifer
629 2586 645 2615 et
656 2581 713 2615 Selbst.
