<?xml version="1.0" encoding="UTF-8"?>
<!DOCTYPE html PUBLIC "-//W3C//DTD XHTML 1.0 Transitional//EN"
    "http://www.w3.org/TR/xhtml1/DTD/xhtml1-transitional.dtd">
<html xmlns="http://www.w3.org/1999/xhtml" xml:lang="en" lang="en">
 <head>
  <title>
</title>
<meta http-equiv="Content-Type" content="text/html;charset=utf-8" />
  <meta name='ocr-system' content='tesseract 3.04.00' />
  <meta name='ocr-capabilities' content='ocr_page ocr_carea ocr_par ocr_line ocrx_word'/>
</head>
<body>
  <div class='ocr_page' id='page_1' title='image "./MN41580ucmf_0_0081.png"; bbox 0 0 1606 2792; ppageno 0'>
   <div class='ocr_carea' id='block_1_1' title="bbox 68 147 728 192">
    <p class='ocr_par' dir='ltr' id='par_1_1' title="bbox 68 147 728 192">
     <span class='ocr_line' id='line_1_1' title="bbox 68 147 728 192; baseline -0.003 -11"><span class='ocrx_word' id='word_1_1' title='bbox 68 149 110 182; x_wconf 88' lang='lat' dir='ltr'>Sect.</span> <span class='ocrx_word' id='word_1_2' title='bbox 117 149 137 183; x_wconf 88' lang='lat' dir='ltr'>ll.</span> <span class='ocrx_word' id='word_1_3' title='bbox 150 148 215 192; x_wconf 80' lang='lat' dir='ltr'><strong>Religio</strong></span> <span class='ocrx_word' id='word_1_4' title='bbox 224 149 255 182; x_wconf 89' lang='lat' dir='ltr'>div.</span> <span class='ocrx_word' id='word_1_5' title='bbox 264 148 334 181; x_wconf 78' lang='lat' dir='ltr'>miserat.</span> <span class='ocrx_word' id='word_1_6' title='bbox 342 148 433 181; x_wconf 71' lang='lat' dir='ltr'>restituitur.</span> <span class='ocrx_word' id='word_1_7' title='bbox 445 147 568 191; x_wconf 87' lang='lat' dir='ltr'>Redemptionis</span> <span class='ocrx_word' id='word_1_8' title='bbox 576 147 683 190; x_wconf 75' lang='lat' dir='ltr'>praeparatio.</span> <span class='ocrx_word' id='word_1_9' title='bbox 707 152 728 187; x_wconf 86' lang='lat'>47</span> 
     </span>
    </p>
   </div>
   <div class='ocr_carea' id='block_1_2' title="bbox 68 256 787 1917">
    <p class='ocr_par' dir='ltr' id='par_1_2' title="bbox 68 256 730 386">
     <span class='ocr_line' id='line_1_2' title="bbox 68 256 730 313; baseline -0.006 -13"><span class='ocrx_word' id='word_1_10' title='bbox 68 260 140 300; x_wconf 83' lang='lat' dir='ltr'>ordine</span> <span class='ocrx_word' id='word_1_11' title='bbox 153 259 293 313; x_wconf 76' lang='lat' dir='ltr'>unusquisque</span> <span class='ocrx_word' id='word_1_12' title='bbox 303 258 425 300; x_wconf 89' lang='lat' dir='ltr'>benedictus</span> <span class='ocrx_word' id='word_1_13' title='bbox 440 265 477 308; x_wconf 80' lang='lat' dir='ltr'>est,</span> <span class='ocrx_word' id='word_1_14' title='bbox 486 258 513 301; x_wconf 74' lang='lat' dir='ltr'>,in</span> <span class='ocrx_word' id='word_1_15' title='bbox 528 256 603 299; x_wconf 90' lang='lat' dir='ltr'>eodem</span> <span class='ocrx_word' id='word_1_16' title='bbox 614 256 680 311; x_wconf 85' lang='lat' dir='ltr'>gradu</span> <span class='ocrx_word' id='word_1_17' title='bbox 694 270 730 311; x_wconf 88' lang='lat' dir='ltr'>per</span> 
     </span>
     <span class='ocr_line' id='line_1_3' title="bbox 68 330 605 386; baseline 0 -14"><span class='ocrx_word' id='word_1_18' title='bbox 68 331 221 385; x_wconf 83' lang='lat' dir='ltr'>generationem</span> <span class='ocrx_word' id='word_1_19' title='bbox 237 331 332 386; x_wconf 85' lang='lat' dir='ltr'>concepit</span> <span class='ocrx_word' id='word_1_20' title='bbox 348 330 496 373; x_wconf 79' lang='lat' dir='ltr'>benedictionis</span> <span class='ocrx_word' id='word_1_21' title='bbox 511 331 605 373; x_wconf 82' lang='lat' dir='ltr'>fructum.</span> 
     </span>
    </p>

    <p class='ocr_par' dir='ltr' id='par_1_3' title="bbox 68 402 787 1917">
     <span class='ocr_line' id='line_1_4' title="bbox 97 402 730 446; baseline -0.005 -1"><span class='ocrx_word' id='word_1_22' title='bbox 97 414 129 446; x_wconf 82' lang='lat'>22.</span> <span class='ocrx_word' id='word_1_23' title='bbox 150 404 199 446; x_wconf 86' lang='lat' dir='ltr'>Post</span> <span class='ocrx_word' id='word_1_24' title='bbox 218 403 316 446; x_wconf 90' lang='lat' dir='ltr'>diluvium</span> <span class='ocrx_word' id='word_1_25' title='bbox 336 410 405 446; x_wconf 85' lang='lat' dir='ltr'>autern</span> <span class='ocrx_word' id='word_1_26' title='bbox 424 404 494 445; x_wconf 84' lang='lat' dir='ltr'>statuit</span> <span class='ocrx_word' id='word_1_27' title='bbox 509 404 567 444; x_wconf 85' lang='lat' dir='ltr'>Deus</span> <span class='ocrx_word' id='word_1_28' title='bbox 583 402 656 443; x_wconf 86' lang='lat' dir='ltr'>foedus</span> <span class='ocrx_word' id='word_1_29' title='bbox 671 409 730 443; x_wconf 89' lang='lat' dir='ltr'>testa·</span> 
     </span>
     <span class='ocr_line' id='line_1_5' title="bbox 68 475 731 536; baseline -0.002 -17"><span class='ocrx_word' id='word_1_30' title='bbox 68 477 131 519; x_wconf 88' lang='lat' dir='ltr'>menti</span> <span class='ocrx_word' id='word_1_31' title='bbox 146 478 184 519; x_wconf 90' lang='lat' dir='ltr'>toti</span> <span class='ocrx_word' id='word_1_32' title='bbox 198 478 288 536; x_wconf 56' lang='lat' dir='ltr'>mundo,</span> <span class='ocrx_word' id='word_1_33' title='bbox 299 477 342 519; x_wconf 90' lang='lat' dir='ltr'>aliis</span> <span class='ocrx_word' id='word_1_34' title='bbox 358 478 417 519; x_wconf 84' lang='lat' dir='ltr'>etiam</span> <span class='ocrx_word' id='word_1_35' title='bbox 434 476 529 519; x_wconf 89' lang='lat' dir='ltr'>omnibus</span> <span class='ocrx_word' id='word_1_36' title='bbox 541 475 656 518; x_wconf 86' lang='lat' dir='ltr'>viventibus</span> <span class='ocrx_word' id='word_1_37' title='bbox 667 475 731 518; x_wconf 90' lang='lat' dir='ltr'>brutis</span> 
     </span>
     <span class='ocr_line' id='line_1_6' title="bbox 68 548 731 605; baseline -0.002 -13"><span class='ocrx_word' id='word_1_38' title='bbox 68 557 89 592; x_wconf 90' lang='lat' dir='ltr'>et</span> <span class='ocrx_word' id='word_1_39' title='bbox 104 551 227 602; x_wconf 87' lang='lat' dir='ltr'>hominibus,</span> <span class='ocrx_word' id='word_1_40' title='bbox 248 557 349 605; x_wconf 90' lang='lat' dir='ltr'>quatenus</span> <span class='ocrx_word' id='word_1_41' title='bbox 368 556 406 592; x_wconf 73' lang='lat' dir='ltr'>ne³</span> <span class='ocrx_word' id='word_1_42' title='bbox 421 548 508 605; x_wconf 87' lang='lat' dir='ltr'>amplius</span> <span class='ocrx_word' id='word_1_43' title='bbox 523 549 622 592; x_wconf 87' lang='lat' dir='ltr'>diluvium</span> <span class='ocrx_word' id='word_1_44' title='bbox 636 549 731 604; x_wconf 85' lang='lat' dir='ltr'>perderet</span> 
     </span>
     <span class='ocr_line' id='line_1_7' title="bbox 68 622 730 678; baseline -0.003 -13"><span class='ocrx_word' id='word_1_45' title='bbox 68 629 134 665; x_wconf 89' lang='lat' dir='ltr'>totam</span> <span class='ocrx_word' id='word_1_46' title='bbox 149 623 330 666; x_wconf 85' lang='lat' dir='ltr'>resurrectionemb</span> <span class='ocrx_word' id='word_1_47' title='bbox 345 629 410 665; x_wconf 87' lang='lat' dir='ltr'>terrae</span> <span class='ocrx_word' id='word_1_48' title='bbox 416 623 428 665; x_wconf 81' lang='lat'>¹.</span> <span class='ocrx_word' id='word_1_49' title='bbox 459 623 486 664; x_wconf 87' lang='lat' dir='ltr'>Et</span> <span class='ocrx_word' id='word_1_50' title='bbox 501 622 571 672; x_wconf 87' lang='lat' dir='ltr'>statuit</span> <span class='ocrx_word' id='word_1_51' title='bbox 585 622 624 664; x_wconf 88' lang='lat' dir='ltr'>illis</span> <span class='ocrx_word' id='word_1_52' title='bbox 638 622 730 678; x_wconf 82' lang='lat' dir='ltr'>signum:</span> 
     </span>
     <span class='ocr_line' id='line_1_8' title="bbox 71 694 787 751; baseline 0.003 -18"><span class='ocrx_word' id='word_1_53' title='bbox 71 695 174 749; x_wconf 79' lang='lat' dir='ltr'>«Quando</span> <span class='ocrx_word' id='word_1_54' title='bbox 184 696 251 737; x_wconf 67' lang='lat' dir='ltr'>nubec</span> <span class='ocrx_word' id='word_1_55' title='bbox 261 701 342 750; x_wconf 83' lang='lat' dir='ltr'>tegetur</span> <span class='ocrx_word' id='word_1_56' title='bbox 353 709 387 737; x_wconf 84' lang='lat' dir='ltr'>aer</span> <span class='ocrx_word' id='word_1_57' title='bbox 398 694 440 751; x_wconf 74' lang='lat' dir='ltr'>[seu</span> <span class='ocrx_word' id='word_1_58' title='bbox 451 694 544 751; x_wconf 65' lang='lat' dir='ltr'>cadumi,</span> <span class='ocrx_word' id='word_1_59' title='bbox 556 695 732 750; x_wconf 84' lang='lat' dir='ltr'>apparebitarcus</span> <span class='ocrx_word' id='word_1_60' title='bbox 785 721 787 727; x_wconf 91' lang='lat'>·</span> 
     </span>
     <span class='ocr_line' id='line_1_9' title="bbox 69 766 732 825; baseline -0.003 -15"><span class='ocrx_word' id='word_1_61' title='bbox 69 769 89 809; x_wconf 92' lang='lat' dir='ltr'>in</span> <span class='ocrx_word' id='word_1_62' title='bbox 108 767 169 820; x_wconf 87' lang='lat' dir='ltr'>nube,</span> <span class='ocrx_word' id='word_1_63' title='bbox 190 774 210 810; x_wconf 89' lang='lat' dir='ltr'>et</span> <span class='ocrx_word' id='word_1_64' title='bbox 228 768 353 810; x_wconf 89' lang='lat' dir='ltr'>recordabor</span> <span class='ocrx_word' id='word_1_65' title='bbox 369 768 458 809; x_wconf 81' lang='lat' dir='ltr'>foederis</span> <span class='ocrx_word' id='word_1_66' title='bbox 473 769 590 809; x_wconf 81' lang='lat' dir='ltr'>testamenti</span> <span class='ocrx_word' id='word_1_67' title='bbox 606 766 647 825; x_wconf 88' lang='lat' dir='ltr'>mei</span> <span class='ocrx_word' id='word_1_68' title='bbox 664 780 732 821; x_wconf 87' lang='lat' dir='ltr'>neque</span> 
     </span>
     <span class='ocr_line' id='line_1_10' title="bbox 69 839 731 896; baseline -0.002 -14"><span class='ocrx_word' id='word_1_69' title='bbox 69 839 157 894; x_wconf 85' lang='lat' dir='ltr'>amplius</span> <span class='ocrx_word' id='word_1_70' title='bbox 165 840 239 883; x_wconf 91' lang='lat' dir='ltr'>delebo</span> <span class='ocrx_word' id='word_1_71' title='bbox 251 855 312 882; x_wconf 90' lang='lat' dir='ltr'>omne</span> <span class='ocrx_word' id='word_1_72' title='bbox 320 841 396 883; x_wconf 90' lang='lat' dir='ltr'>mobile</span> <span class='ocrx_word' id='word_1_73' title='bbox 404 841 491 883; x_wconf 78' lang='lat' dir='ltr'>animald</span> <span class='ocrx_word' id='word_1_74' title='bbox 498 845 559 896; x_wconf 74' lang='lat' dir='ltr'>&#39;super</span> <span class='ocrx_word' id='word_1_75' title='bbox 565 847 638 883; x_wconf 87' lang='lat' dir='ltr'>terram</span> <span class='ocrx_word' id='word_1_76' title='bbox 647 839 731 896; x_wconf 76' lang='lat' dir='ltr'>aqual2</span> 
     </span>
     <span class='ocr_line' id='line_1_11' title="bbox 70 912 732 966; baseline 0 -12"><span class='ocrx_word' id='word_1_77' title='bbox 70 912 97 954; x_wconf 89' lang='lat' dir='ltr'>Et</span> <span class='ocrx_word' id='word_1_78' title='bbox 107 914 192 955; x_wconf 91' lang='lat' dir='ltr'>mutavit</span> <span class='ocrx_word' id='word_1_79' title='bbox 202 913 271 955; x_wconf 91' lang='lat' dir='ltr'>cibum</span> <span class='ocrx_word' id='word_1_80' title='bbox 281 912 388 956; x_wconf 85' lang='lat' dir='ltr'>hominum</span> <span class='ocrx_word' id='word_1_81' title='bbox 398 914 497 956; x_wconf 85' lang='lat' dir='ltr'>mandato</span> <span class='ocrx_word' id='word_1_82' title='bbox 508 915 557 956; x_wconf 88' lang='lat' dir='ltr'>dato</span> <span class='ocrx_word' id='word_1_83' title='bbox 568 913 602 966; x_wconf 75' lang='lat' dir='ltr'>eis,</span> <span class='ocrx_word' id='word_1_84' title='bbox 618 920 640 955; x_wconf 91' lang='lat' dir='ltr'>ut</span> <span class='ocrx_word' id='word_1_85' title='bbox 651 926 732 956; x_wconf 87' lang='lat' dir='ltr'>carnem</span> 
     </span>
     <span class='ocr_line' id='line_1_12' title="bbox 70 985 732 1041; baseline -0.002 -13"><span class='ocrx_word' id='word_1_86' title='bbox 70 985 223 1028; x_wconf 72' lang='lat' dir='ltr'>comederent,</span> <span class='ocrx_word' id='word_1_87' title='bbox 254 986 308 1028; x_wconf 83' lang='lat' dir='ltr'>Nam</span> <span class='ocrx_word' id='word_1_88' title='bbox 328 1000 339 1027; x_wconf 97' lang='lat' dir='ltr'>a</span> <span class='ocrx_word' id='word_1_89' title='bbox 359 988 425 1041; x_wconf 91' lang='lat' dir='ltr'>primo</span> <span class='ocrx_word' id='word_1_90' title='bbox 443 993 512 1029; x_wconf 88' lang='lat' dir='ltr'>creato</span> <span class='ocrx_word' id='word_1_91' title='bbox 530 987 601 1028; x_wconf 82' lang='lat' dir='ltr'>Adam</span> <span class='ocrx_word' id='word_1_92' title='bbox 621 1000 686 1041; x_wconf 90' lang='lat' dir='ltr'>usque</span> <span class='ocrx_word' id='word_1_93' title='bbox 705 986 732 1027; x_wconf 85' lang='lat' dir='ltr'>ad</span> 
     </span>
     <span class='ocr_line' id='line_1_13' title="bbox 71 1057 733 1113; baseline 0.003 -14"><span class='ocrx_word' id='word_1_94' title='bbox 71 1057 169 1100; x_wconf 80' lang='lat' dir='ltr'>diluuium</span> <span class='ocrx_word' id='word_1_95' title='bbox 184 1057 250 1101; x_wconf 86' lang='lat' dir='ltr'>solum</span> <span class='ocrx_word' id='word_1_96' title='bbox 263 1060 331 1113; x_wconf 82' lang='lat' dir='ltr'>granis</span> <span class='ocrx_word' id='word_1_97' title='bbox 346 1065 366 1101; x_wconf 91' lang='lat' dir='ltr'>et</span> <span class='ocrx_word' id='word_1_98' title='bbox 377 1059 475 1103; x_wconf 82' lang='lat' dir='ltr'>fructibus</span> <span class='ocrx_word' id='word_1_99' title='bbox 490 1059 587 1103; x_wconf 85' lang='lat' dir='ltr'>arborum</span> <span class='ocrx_word' id='word_1_100' title='bbox 597 1060 733 1103; x_wconf 85' lang='lat' dir='ltr'>vescebantur</span> 
     </span>
     <span class='ocr_line' id='line_1_14' title="bbox 71 1131 733 1183; baseline 0 -11"><span class='ocrx_word' id='word_1_101' title='bbox 71 1132 170 1183; x_wconf 87' lang='lat' dir='ltr'>homines,</span> <span class='ocrx_word' id='word_1_102' title='bbox 186 1133 222 1173; x_wconf 88' lang='lat' dir='ltr'>sed</span> <span class='ocrx_word' id='word_1_103' title='bbox 238 1132 328 1174; x_wconf 85' lang='lat' dir='ltr'>carnium</span> <span class='ocrx_word' id='word_1_104' title='bbox 344 1133 403 1174; x_wconf 89' lang='lat' dir='ltr'>cibus</span> <span class='ocrx_word' id='word_1_105' title='bbox 418 1147 459 1174; x_wconf 90' lang='lat' dir='ltr'>non</span> <span class='ocrx_word' id='word_1_106' title='bbox 474 1140 518 1174; x_wconf 83' lang='lat' dir='ltr'>erat</span> <span class='ocrx_word' id='word_1_107' title='bbox 532 1146 643 1174; x_wconf 84' lang='lat' dir='ltr'>concessus</span> <span class='ocrx_word' id='word_1_108' title='bbox 656 1133 690 1174; x_wconf 89' lang='lat' dir='ltr'>eis.</span> <span class='ocrx_word' id='word_1_109' title='bbox 707 1131 733 1173; x_wconf 91' lang='lat' dir='ltr'>Et</span> 
     </span>
     <span class='ocr_line' id='line_1_15' title="bbox 71 1203 732 1259; baseline 0.002 -15"><span class='ocrx_word' id='word_1_110' title='bbox 71 1204 118 1258; x_wconf 90' lang='lat' dir='ltr'>quia</span> <span class='ocrx_word' id='word_1_111' title='bbox 129 1210 169 1245; x_wconf 91' lang='lat' dir='ltr'>tres</span> <span class='ocrx_word' id='word_1_112' title='bbox 177 1203 212 1245; x_wconf 86' lang='lat' dir='ltr'>filii</span> <span class='ocrx_word' id='word_1_113' title='bbox 219 1204 266 1245; x_wconf 81' lang='lat' dir='ltr'>No&#39;e</span> <span class='ocrx_word' id='word_1_114' title='bbox 277 1204 397 1258; x_wconf 88' lang='lat' dir='ltr'>principium</span> <span class='ocrx_word' id='word_1_115' title='bbox 406 1205 542 1259; x_wconf 84' lang='lat' dir='ltr'>generationis</span> <span class='ocrx_word' id='word_1_116' title='bbox 552 1205 658 1247; x_wconf 90' lang='lat' dir='ltr'>hominum</span> <span class='ocrx_word' id='word_1_117' title='bbox 669 1211 732 1254; x_wconf 83' lang='lat' dir='ltr'>erant,</span> 
     </span>
     <span class='ocr_line' id='line_1_16' title="bbox 72 1276 733 1331; baseline 0.002 -14"><span class='ocrx_word' id='word_1_118' title='bbox 72 1277 98 1317; x_wconf 91' lang='lat' dir='ltr'>ad</span> <span class='ocrx_word' id='word_1_119' title='bbox 114 1276 306 1330; x_wconf 88' lang='lat' dir='ltr'>multiplicationem</span> <span class='ocrx_word' id='word_1_120' title='bbox 321 1283 342 1319; x_wconf 90' lang='lat' dir='ltr'>et</span> <span class='ocrx_word' id='word_1_121' title='bbox 357 1283 501 1331; x_wconf 68' lang='lat' dir='ltr'>augmentum⁰</span> <span class='ocrx_word' id='word_1_122' title='bbox 515 1278 622 1320; x_wconf 82' lang='lat' dir='ltr'>benedixit</span> <span class='ocrx_word' id='word_1_123' title='bbox 637 1277 666 1319; x_wconf 91' lang='lat' dir='ltr'>eis</span> <span class='ocrx_word' id='word_1_124' title='bbox 676 1278 733 1318; x_wconf 87' lang='lat' dir='ltr'>Deus</span> 
     </span>
     <span class='ocr_line' id='line_1_17' title="bbox 72 1348 734 1407; baseline 0.006 -17"><span class='ocrx_word' id='word_1_125' title='bbox 72 1349 170 1392; x_wconf 90' lang='lat' dir='ltr'>dicendo:</span> <span class='ocrx_word' id='word_1_126' title='bbox 189 1348 313 1405; x_wconf 75' lang='lat' dir='ltr'>«Augemmi</span> <span class='ocrx_word' id='word_1_127' title='bbox 328 1357 349 1392; x_wconf 90' lang='lat' dir='ltr'>et</span> <span class='ocrx_word' id='word_1_128' title='bbox 363 1349 524 1406; x_wconf 85' lang='lat' dir='ltr'>multiplicamini</span> <span class='ocrx_word' id='word_1_129' title='bbox 540 1358 560 1393; x_wconf 92' lang='lat' dir='ltr'>et</span> <span class='ocrx_word' id='word_1_130' title='bbox 572 1350 649 1407; x_wconf 87' lang='lat' dir='ltr'>replete</span> <span class='ocrx_word' id='word_1_131' title='bbox 660 1358 734 1394; x_wconf 85' lang='lat' dir='ltr'>terram</span> 
     </span>
     <span class='ocr_line' id='line_1_18' title="bbox 71 1422 734 1479; baseline 0.005 -16"><span class='ocrx_word' id='word_1_132' title='bbox 71 1428 92 1463; x_wconf 90' lang='lat' dir='ltr'>et</span> <span class='ocrx_word' id='word_1_133' title='bbox 102 1422 235 1465; x_wconf 88' lang='lat' dir='ltr'>dominamini</span> <span class='ocrx_word' id='word_1_134' title='bbox 250 1424 270 1465; x_wconf 94' lang='lat' dir='ltr'>in</span> <span class='ocrx_word' id='word_1_135' title='bbox 285 1438 336 1474; x_wconf 82' lang='lat' dir='ltr'>eam,</span> <span class='ocrx_word' id='word_1_136' title='bbox 353 1431 373 1466; x_wconf 89' lang='lat' dir='ltr'>et</span> <span class='ocrx_word' id='word_1_137' title='bbox 383 1431 448 1466; x_wconf 85' lang='lat' dir='ltr'>terror</span> <span class='ocrx_word' id='word_1_138' title='bbox 458 1431 525 1467; x_wconf 88' lang='lat' dir='ltr'>vester</span> <span class='ocrx_word' id='word_1_139' title='bbox 536 1432 556 1467; x_wconf 89' lang='lat' dir='ltr'>et</span> <span class='ocrx_word' id='word_1_140' title='bbox 566 1425 627 1467; x_wconf 89' lang='lat' dir='ltr'>timor</span> <span class='ocrx_word' id='word_1_141' title='bbox 637 1425 663 1467; x_wconf 90' lang='lat' dir='ltr'>sit</span> <span class='ocrx_word' id='word_1_142' title='bbox 672 1438 734 1479; x_wconf 88' lang='lat' dir='ltr'>super</span> 
     </span>
     <span class='ocr_line' id='line_1_19' title="bbox 72 1498 735 1555; baseline 0.002 -16"><span class='ocrx_word' id='word_1_143' title='bbox 72 1498 140 1540; x_wconf 89' lang='lat' dir='ltr'>omnia</span> <span class='ocrx_word' id='word_1_144' title='bbox 155 1499 242 1541; x_wconf 82' lang='lat' dir='ltr'>viventia</span> <span class='ocrx_word' id='word_1_145' title='bbox 252 1498 312 1541; x_wconf 84' lang='lat' dir='ltr'>bruta</span> <span class='ocrx_word' id='word_1_146' title='bbox 327 1505 347 1541; x_wconf 92' lang='lat' dir='ltr'>et</span> <span class='ocrx_word' id='word_1_147' title='bbox 362 1512 424 1555; x_wconf 86' lang='lat' dir='ltr'>super</span> <span class='ocrx_word' id='word_1_148' title='bbox 439 1512 511 1541; x_wconf 89' lang='lat' dir='ltr'>omnes</span> <span class='ocrx_word' id='word_1_149' title='bbox 525 1513 573 1542; x_wconf 84' lang='lat' dir='ltr'>aves</span> <span class='ocrx_word' id='word_1_150' title='bbox 588 1498 644 1549; x_wconf 86' lang='lat' dir='ltr'>caeli,</span> <span class='ocrx_word' id='word_1_151' title='bbox 661 1504 682 1540; x_wconf 90' lang='lat' dir='ltr'>et</span> <span class='ocrx_word' id='word_1_152' title='bbox 695 1499 735 1540; x_wconf 88' lang='lat' dir='ltr'>sint</span> 
     </span>
     <span class='ocr_line' id='line_1_20' title="bbox 71 1570 733 1624; baseline -0.002 -11"><span class='ocrx_word' id='word_1_153' title='bbox 71 1570 131 1613; x_wconf 85' lang='lat' dir='ltr'>vobis</span> <span class='ocrx_word' id='word_1_154' title='bbox 146 1572 165 1614; x_wconf 93' lang='lat' dir='ltr'>in</span> <span class='ocrx_word' id='word_1_155' title='bbox 181 1571 250 1614; x_wconf 90' lang='lat' dir='ltr'>cibum</span> <span class='ocrx_word' id='word_1_156' title='bbox 264 1572 317 1615; x_wconf 88' lang='lat' dir='ltr'>sicut</span> <span class='ocrx_word' id='word_1_157' title='bbox 332 1571 377 1614; x_wconf 92' lang='lat' dir='ltr'>olus</span> <span class='ocrx_word' id='word_1_158' title='bbox 389 1572 481 1624; x_wconf 72' lang='lat' dir='ltr'>herbaes,</span> <span class='ocrx_word' id='word_1_159' title='bbox 497 1578 637 1614; x_wconf 83' lang='lat' dir='ltr'>verumtamen</span> <span class='ocrx_word' id='word_1_160' title='bbox 652 1586 678 1613; x_wconf 93' lang='lat' dir='ltr'>ne</span> <span class='ocrx_word' id='word_1_161' title='bbox 693 1584 733 1613; x_wconf 87' lang='lat' dir='ltr'>car-</span> 
     </span>
     <span class='ocr_line' id='line_1_21' title="bbox 72 1645 734 1698; baseline -0.002 -14"><span class='ocrx_word' id='word_1_162' title='bbox 72 1657 119 1685; x_wconf 89' lang='lat' dir='ltr'>nem</span> <span class='ocrx_word' id='word_1_163' title='bbox 134 1645 238 1698; x_wconf 84' lang='lat' dir='ltr'>sanguinis</span> <span class='ocrx_word' id='word_1_164' title='bbox 253 1645 344 1686; x_wconf 76' lang='lat' dir='ltr'>animaeg</span> <span class='ocrx_word' id='word_1_165' title='bbox 359 1645 434 1697; x_wconf 81' lang='lat' dir='ltr'>edatis3</span> <span class='ocrx_word' id='word_1_166' title='bbox 451 1646 539 1687; x_wconf 87' lang='lat' dir='ltr'>etenim¹¹</span> <span class='ocrx_word' id='word_1_167' title='bbox 555 1652 575 1686; x_wconf 93' lang='lat' dir='ltr'>et</span> <span class='ocrx_word' id='word_1_168' title='bbox 587 1651 677 1686; x_wconf 81' lang='lat' dir='ltr'>uestrum</span> <span class='ocrx_word' id='word_1_169' title='bbox 691 1657 734 1684; x_wconf 85' lang='lat' dir='ltr'>san-</span> 
     </span>
     <span class='ocr_line' id='line_1_22' title="bbox 73 1707 735 1772; baseline 0 -14"><span class='ocrx_word' id='word_1_170' title='bbox 73 1719 156 1771; x_wconf 83' lang='lat' dir='ltr'>guinem</span> <span class='ocrx_word' id='word_1_171' title='bbox 171 1716 281 1772; x_wconf 81' lang='lat' dir='ltr'>requirami</span> <span class='ocrx_word' id='word_1_172' title='bbox 296 1707 335 1759; x_wconf 72' lang='lat' dir='ltr'>del</span> <span class='ocrx_word' id='word_1_173' title='bbox 345 1717 438 1760; x_wconf 86' lang='lat' dir='ltr'>manibus</span> <span class='ocrx_word' id='word_1_174' title='bbox 450 1718 541 1760; x_wconf 89' lang='lat' dir='ltr'>omnium</span> <span class='ocrx_word' id='word_1_175' title='bbox 551 1718 663 1759; x_wconf 88' lang='lat' dir='ltr'>bestiarum</span> <span class='ocrx_word' id='word_1_176' title='bbox 677 1716 735 1758; x_wconf 89' lang='lat' dir='ltr'>etde</span> 
     </span>
     <span class='ocr_line' id='line_1_23' title="bbox 73 1788 735 1845; baseline -0.002 -15"><span class='ocrx_word' id='word_1_177' title='bbox 73 1788 167 1831; x_wconf 86' lang='lat' dir='ltr'>manibus</span> <span class='ocrx_word' id='word_1_178' title='bbox 184 1789 282 1841; x_wconf 88' lang='lat' dir='ltr'>hominis;</span> <span class='ocrx_word' id='word_1_179' title='bbox 303 1791 428 1845; x_wconf 87' lang='lat' dir='ltr'>quicumque</span> <span class='ocrx_word' id='word_1_180' title='bbox 446 1790 520 1832; x_wconf 83' lang='lat' dir='ltr'>fuderit</span> <span class='ocrx_word' id='word_1_181' title='bbox 538 1791 659 1845; x_wconf 86' lang='lat' dir='ltr'>sanguinem</span> <span class='ocrx_word' id='word_1_182' title='bbox 672 1788 735 1831; x_wconf 91' lang='lat' dir='ltr'>homi-</span> 
     </span>
     <span class='ocr_line' id='line_1_24' title="bbox 73 1855 736 1917; baseline -0.002 -14"><span class='ocrx_word' id='word_1_183' title='bbox 73 1863 109 1913; x_wconf 87' lang='lat' dir='ltr'>nis,</span> <span class='ocrx_word' id='word_1_184' title='bbox 125 1861 173 1916; x_wconf 85' lang='lat' dir='ltr'>pro¹</span> <span class='ocrx_word' id='word_1_185' title='bbox 188 1855 286 1917; x_wconf 82' lang='lat' dir='ltr'>sanguine</span> <span class='ocrx_word' id='word_1_186' title='bbox 301 1863 343 1904; x_wconf 89' lang='lat' dir='ltr'>eius</span> <span class='ocrx_word' id='word_1_187' title='bbox 356 1862 486 1905; x_wconf 51' lang='lat' dir='ltr'>findernam</span> <span class='ocrx_word' id='word_1_188' title='bbox 506 1862 561 1904; x_wconf 83' lang='lat' dir='ltr'>Nam</span> <span class='ocrx_word' id='word_1_189' title='bbox 575 1862 686 1917; x_wconf 82' lang='lat' dir='ltr'>imaginem</span> <span class='ocrx_word' id='word_1_190' title='bbox 695 1861 736 1902; x_wconf 92' lang='lat' dir='ltr'>Dei</span> 
     </span>
    </p>
   </div>
   <div class='ocr_carea' id='block_1_3' title="bbox 104 1998 735 2044">
    <p class='ocr_par' dir='ltr' id='par_1_4' title="bbox 104 1998 735 2044">
     <span class='ocr_line' id='line_1_25' title="bbox 104 1998 735 2044; baseline 0.002 -12"><span class='ocrx_word' id='word_1_191' title='bbox 104 1998 232 2044; x_wconf 81' lang='lat' dir='ltr'>¹Gn9,9sqq.</span> <span class='ocrx_word' id='word_1_192' title='bbox 282 1998 413 2043; x_wconf 66' lang='lat' dir='ltr'>2Gn9,145q.</span> <span class='ocrx_word' id='word_1_193' title='bbox 464 1999 559 2042; x_wconf 62' lang='lat' dir='ltr'>iGn9,3.</span> <span class='ocrx_word' id='word_1_194' title='bbox 606 2000 735 2040; x_wconf 72' lang='lat' dir='ltr'>⁴(}n9,2--7.</span> 
     </span>
    </p>
   </div>
   <div class='ocr_carea' id='block_1_4' title="bbox 102 2112 802 2159">
    <p class='ocr_par' dir='ltr' id='par_1_5' title="bbox 102 2112 802 2159">
     <span class='ocr_line' id='line_1_26' title="bbox 102 2112 802 2159; baseline -0.003 -13"><span class='ocrx_word' id='word_1_195' title='bbox 102 2119 109 2133; x_wconf 65' lang='lat' dir='ltr'>t</span> <span class='ocrx_word' id='word_1_196' title='bbox 120 2125 183 2157; x_wconf 80' lang='lat' dir='ltr'>worpes</span> <span class='ocrx_word' id='word_1_197' title='bbox 192 2114 206 2146; x_wconf 86' lang='lat' dir='ltr'>zi</span> <span class='ocrx_word' id='word_1_198' title='bbox 219 2114 240 2147; x_wconf 90' lang='lat' dir='ltr'>mi</span> <span class='ocrx_word' id='word_1_199' title='bbox 252 2124 282 2157; x_wconf 86' lang='lat' dir='ltr'>pro</span> <span class='ocrx_word' id='word_1_200' title='bbox 291 2125 349 2157; x_wconf 83' lang='lat' dir='ltr'>graeco</span> <span class='ocrx_word' id='word_1_201' title='bbox 358 2113 404 2151; x_wconf 73' lang='grc' dir='ltr'><em>ὅπως</em></span> <span class='ocrx_word' id='word_1_202' title='bbox 410 2112 439 2159; x_wconf 69' lang='grc' dir='ltr'>μή,</span> <span class='ocrx_word' id='word_1_203' title='bbox 451 2114 495 2156; x_wconf 89' lang='lat' dir='ltr'>quod</span> <span class='ocrx_word' id='word_1_204' title='bbox 503 2124 555 2155; x_wconf 83' lang='lat' dir='ltr'>paene</span> <span class='ocrx_word' id='word_1_205' title='bbox 564 2113 584 2145; x_wconf 89' lang='lat' dir='ltr'>ad</span> <span class='ocrx_word' id='word_1_206' title='bbox 592 2113 670 2156; x_wconf 85' lang='lat' dir='ltr'>syllabam</span> <span class='ocrx_word' id='word_1_207' title='bbox 678 2112 736 2145; x_wconf 89' lang='lat' dir='ltr'>reddit.</span> <span class='ocrx_word' id='word_1_208' title='bbox 800 2146 802 2148; x_wconf 63' lang='grc'>,</span> 
     </span>
    </p>
   </div>
   <div class='ocr_carea' id='block_1_5' title="bbox 74 2172 779 2641">
    <p class='ocr_par' dir='ltr' id='par_1_6' title="bbox 74 2172 779 2641">
     <span class='ocr_line' id='line_1_27' title="bbox 103 2172 736 2217; baseline 0.003 -12"><span class='ocrx_word' id='word_1_209' title='bbox 103 2172 109 2193; x_wconf 86' lang='lat'>&#39;¹</span> <span class='ocrx_word' id='word_1_210' title='bbox 122 2173 181 2206; x_wconf 83' lang='lat' dir='ltr'>Totum</span> <span class='ocrx_word' id='word_1_211' title='bbox 186 2174 230 2217; x_wconf 91' lang='lat' dir='ltr'>quod</span> <span class='ocrx_word' id='word_1_212' title='bbox 235 2184 251 2206; x_wconf 89' lang='lat' dir='ltr'>se</span> <span class='ocrx_word' id='word_1_213' title='bbox 258 2174 306 2216; x_wconf 80' lang='lat' dir='ltr'>erigit</span> <span class='ocrx_word' id='word_1_214' title='bbox 313 2184 360 2217; x_wconf 87' lang='lat' dir='ltr'>super</span> <span class='ocrx_word' id='word_1_215' title='bbox 365 2179 423 2206; x_wconf 85' lang='lat' dir='ltr'>terram</span> <span class='ocrx_word' id='word_1_216' title='bbox 429 2184 457 2207; x_wconf 85' lang='lat' dir='ltr'>seu</span> <span class='ocrx_word' id='word_1_217' title='bbox 462 2173 565 2207; x_wconf 83' lang='lat' dir='ltr'>erectionem.</span> <span class='ocrx_word' id='word_1_218' title='bbox 576 2173 616 2207; x_wconf 76' lang='lat' dir='ltr'>Tit:</span> <span class='ocrx_word' id='word_1_219' title='bbox 624 2172 736 2207; x_wconf 84' lang='lat' dir='ltr'>alleancbs.</span> 
     </span>
     <span class='ocr_line' id='line_1_28' title="bbox 104 2233 714 2267; baseline 0.002 -2"><span class='ocrx_word' id='word_1_220' title='bbox 104 2241 110 2254; x_wconf 70' lang='lat' dir='ltr'>t</span> <span class='ocrx_word' id='word_1_221' title='bbox 122 2234 155 2266; x_wconf 83' lang='lat' dir='ltr'>TM</span> <span class='ocrx_word' id='word_1_222' title='bbox 166 2235 231 2266; x_wconf 83' lang='lat' dir='ltr'>mutavit</span> <span class='ocrx_word' id='word_1_223' title='bbox 244 2234 317 2267; x_wconf 87' lang='lat' dir='ltr'>ordinem</span> <span class='ocrx_word' id='word_1_224' title='bbox 329 2235 420 2267; x_wconf 88' lang='lat' dir='ltr'>verborum.</span> <span class='ocrx_word' id='word_1_225' title='bbox 495 2233 502 2254; x_wconf 75' lang='lat'>‘¹</span> <span class='ocrx_word' id='word_1_226' title='bbox 514 2234 556 2267; x_wconf 76' lang='lat' dir='ltr'>Tit:</span> <span class='ocrx_word' id='word_1_227' title='bbox 569 2234 600 2267; x_wconf 86' lang='lat' dir='ltr'>alle</span> <span class='ocrx_word' id='word_1_228' title='bbox 609 2234 714 2267; x_wconf 85' lang='lat' dir='ltr'>Lebeweson.</span> 
     </span>
     <span class='ocr_line' id='line_1_29' title="bbox 74 2293 736 2339; baseline 0 -13"><span class='ocrx_word' id='word_1_229' title='bbox 74 2331 76 2333; x_wconf 25' lang='lat'><strong><em>¹</em></strong></span> <span class='ocrx_word' id='word_1_230' title='bbox 103 2294 303 2339; x_wconf 65' lang='lat' dir='ltr'>e&#39;l&#39;lllimproprienum</span> <span class='ocrx_word' id='word_1_231' title='bbox 312 2295 472 2329; x_wconf 70' lang='lat' dir='ltr'>Fruchtbarnerden.</span> <span class='ocrx_word' id='word_1_232' title='bbox 519 2293 736 2339; x_wconf 74' lang='lat' dir='ltr'>letl2dasgriineKraut.</span> 
     </span>
     <span class='ocr_line' id='line_1_30' title="bbox 104 2355 607 2389; baseline 0.004 -2"><span class='ocrx_word' id='word_1_233' title='bbox 104 2355 155 2388; x_wconf 69' lang='lat' dir='ltr'>gTM</span> <span class='ocrx_word' id='word_1_234' title='bbox 167 2356 228 2389; x_wconf 88' lang='lat' dir='ltr'>libere:</span> <span class='ocrx_word' id='word_1_235' title='bbox 241 2356 270 2388; x_wconf 83' lang='lat' dir='ltr'>das</span> <span class='ocrx_word' id='word_1_236' title='bbox 282 2356 325 2389; x_wconf 89' lang='lat' dir='ltr'>noch</span> <span class='ocrx_word' id='word_1_237' title='bbox 338 2355 372 2389; x_wconf 89' lang='lat' dir='ltr'>sein</span> <span class='ocrx_word' id='word_1_238' title='bbox 384 2356 485 2389; x_wconf 89' lang='lat' dir='ltr'>Lebensblut</span> <span class='ocrx_word' id='word_1_239' title='bbox 498 2356 514 2388; x_wconf 94' lang='lat' dir='ltr'>in</span> <span class='ocrx_word' id='word_1_240' title='bbox 527 2356 561 2389; x_wconf 90' lang='lat' dir='ltr'>sich</span> <span class='ocrx_word' id='word_1_241' title='bbox 574 2355 607 2389; x_wconf 83' lang='lat' dir='ltr'>hat.</span> 
     </span>
     <span class='ocr_line' id='line_1_31' title="bbox 103 2415 737 2460; baseline 0.003 -12"><span class='ocrx_word' id='word_1_242' title='bbox 103 2415 111 2436; x_wconf 78' lang='lat'>¹¹</span> <span class='ocrx_word' id='word_1_243' title='bbox 122 2416 155 2448; x_wconf 83' lang='lat' dir='ltr'>Tm</span> <span class='ocrx_word' id='word_1_244' title='bbox 163 2416 235 2459; x_wconf 84' lang='lat' dir='ltr'>neglexit</span> <span class='ocrx_word' id='word_1_245' title='bbox 244 2422 260 2448; x_wconf 90' lang='lat' dir='ltr'>et</span> <span class='ocrx_word' id='word_1_246' title='bbox 270 2417 327 2449; x_wconf 79' lang='lat' dir='ltr'>«aber»</span> <span class='ocrx_word' id='word_1_247' title='bbox 337 2417 405 2450; x_wconf 82' lang='lat' dir='ltr'>induxit.</span> <span class='ocrx_word' id='word_1_248' title='bbox 452 2415 456 2436; x_wconf 67' lang='grc' dir='ltr'>ί</span> <span class='ocrx_word' id='word_1_249' title='bbox 468 2417 501 2449; x_wconf 79' lang='lat' dir='ltr'>Tm</span> <span class='ocrx_word' id='word_1_250' title='bbox 509 2418 556 2450; x_wconf 87' lang='lat' dir='ltr'>valde</span> <span class='ocrx_word' id='word_1_251' title='bbox 564 2417 660 2460; x_wconf 89' lang='lat' dir='ltr'>improprie:</span> <span class='ocrx_word' id='word_1_252' title='bbox 672 2416 737 2450; x_wconf 75' lang='lat' dir='ltr'>rtichen.</span> 
     </span>
     <span class='ocr_line' id='line_1_32' title="bbox 103 2474 602 2521; baseline 0.004 -12"><span class='ocrx_word' id='word_1_253' title='bbox 103 2474 111 2495; x_wconf 75' lang='lat' dir='ltr'>l</span> <span class='ocrx_word' id='word_1_254' title='bbox 123 2476 156 2509; x_wconf 81' lang='lat' dir='ltr'>Tm</span> <span class='ocrx_word' id='word_1_255' title='bbox 168 2488 204 2510; x_wconf 79' lang='lat' dir='ltr'>cuin</span> <span class='ocrx_word' id='word_1_256' title='bbox 216 2477 333 2511; x_wconf 86' lang='lat' dir='ltr'>deformatione</span> <span class='ocrx_word' id='word_1_257' title='bbox 346 2487 410 2511; x_wconf 86' lang='lat' dir='ltr'>sensus:</span> <span class='ocrx_word' id='word_1_258' title='bbox 424 2488 444 2510; x_wconf 89' lang='lat' dir='ltr'>an</span> <span class='ocrx_word' id='word_1_259' title='bbox 455 2478 509 2521; x_wconf 88' lang='lat' dir='ltr'>jedem</span> <span class='ocrx_word' id='word_1_260' title='bbox 522 2477 560 2510; x_wconf 82' lang='lat' dir='ltr'>Tier</span> <span class='ocrx_word' id='word_1_261' title='bbox 572 2483 602 2511; x_wconf 89' lang='lat' dir='ltr'>etc.</span> 
     </span>
     <span class='ocr_line' id='line_1_33' title="bbox 107 2534 779 2582; baseline 0 -13"><span class='ocrx_word' id='word_1_262' title='bbox 107 2535 111 2556; x_wconf 88' lang='lat'>¹</span> <span class='ocrx_word' id='word_1_263' title='bbox 123 2536 155 2569; x_wconf 81' lang='lat' dir='ltr'>Tll</span> <span class='ocrx_word' id='word_1_264' title='bbox 168 2537 202 2569; x_wconf 88' lang='lat' dir='ltr'>iure</span> <span class='ocrx_word' id='word_1_265' title='bbox 214 2537 308 2581; x_wconf 84' lang='lat' dir='ltr'>praeponit:</span> <span class='ocrx_word' id='word_1_266' title='bbox 321 2537 386 2580; x_wconf 86' lang='lat' dir='ltr'>sanguis</span> <span class='ocrx_word' id='word_1_267' title='bbox 399 2537 433 2570; x_wconf 86' lang='lat' dir='ltr'>eius</span> <span class='ocrx_word' id='word_1_268' title='bbox 445 2536 511 2582; x_wconf 73' lang='lat' dir='ltr'>(dassen</span> <span class='ocrx_word' id='word_1_269' title='bbox 523 2534 574 2579; x_wconf 66' lang='lat' dir='ltr'>Brut).</span> <span class='ocrx_word' id='word_1_270' title='bbox 592 2537 652 2569; x_wconf 81' lang='lat' dir='ltr'>Textus</span> <span class='ocrx_word' id='word_1_271' title='bbox 664 2548 738 2570; x_wconf 88' lang='lat' dir='ltr'>armenus</span> <span class='ocrx_word' id='word_1_272' title='bbox 777 2547 779 2549; x_wconf 69' lang='grc'><strong><em>’</em></strong></span> 
     </span>
     <span class='ocr_line' id='line_1_34' title="bbox 75 2598 531 2641; baseline 0.004 -12"><span class='ocrx_word' id='word_1_273' title='bbox 75 2599 103 2629; x_wconf 87' lang='lat' dir='ltr'>hic</span> <span class='ocrx_word' id='word_1_274' title='bbox 115 2599 234 2641; x_wconf 88' lang='lat' dir='ltr'>corruptionem</span> <span class='ocrx_word' id='word_1_275' title='bbox 246 2599 336 2631; x_wconf 84' lang='lat' dir='ltr'>omissionis</span> <span class='ocrx_word' id='word_1_276' title='bbox 347 2609 403 2641; x_wconf 86' lang='lat' dir='ltr'>passus</span> <span class='ocrx_word' id='word_1_277' title='bbox 416 2609 451 2632; x_wconf 86' lang='lat' dir='ltr'>esse</span> <span class='ocrx_word' id='word_1_278' title='bbox 463 2598 531 2632; x_wconf 78' lang='lat' dir='ltr'>ridetur.</span> 
     </span>
    </p>
   </div>
   <div class='ocr_carea' id='block_1_6' title="bbox 0 0 817 2792">
    <p class='ocr_par' dir='ltr' id='par_1_7' title="bbox 0 0 817 2792">
     <span class='ocr_line' id='line_1_35' title="bbox 0 0 817 2792; baseline 0 0"><span class='ocrx_word' id='word_1_279' title='bbox 0 0 817 2792; x_wconf 95' lang='lat' dir='ltr'> </span> 
     </span>
    </p>
   </div>
  </div>
 </body>
</html>
