1606 2792
83 118 85 122 ⁴
124 101 186 154 Sectl.
199 119 272 152 Fundam
280 129 329 163 super
337 119 411 151 notitiam
419 118 450 151 Dei
460 118 541 152 creatione
549 123 565 150 et
573 117 694 162 gratiareligio.
719 125 740 159 39

79 229 106 270 Et
120 229 207 283 sumpsit
218 228 275 270 Deus
290 241 350 269 unam
366 241 393 269 ex
403 227 465 269 costis
475 226 552 269 Adae1
568 234 588 268 et
598 225 684 281 replevit
693 225 743 268 loco

80 302 135 341 eiusa
150 314 238 350 carnem,
254 307 275 341 et
289 307 373 350 costaml
390 314 452 353 quam
467 306 588 355 sumpserat,
604 300 706 341 exstruxit
721 301 740 340 in

81 371 191 424 muliereml
208 378 228 414 et
242 373 270 414 ita
285 370 373 414 adduxit
388 372 469 414 coram¹l
480 371 534 414 Ada.
556 372 576 413 ls
591 377 660 414 autem
669 371 741 414 uidens

80 445 141 489 dixit:
153 445 221 488 «Hocu
228 459 282 487 nunc
291 459 314 487 os
322 460 348 487 ex
356 445 436 487 ossibus
444 446 494 487 meis
502 452 523 487 et
531 459 578 487 caro
587 444 613 487 de
621 459 682 487 carne
689 459 740 487 mea.

81 518 139 562 Haec
154 518 261 562 vocabitur
275 518 352 570 mulier¹
369 519 417 574 quia
432 532 459 560 ex
474 519 517 560 uiro
531 532 569 559 suo
583 524 665 573 sumpta
676 519 742 560 est.»2

112 606 142 646 14.
158 593 186 635 Et
201 600 258 635 erant
267 593 337 635 Adam
354 599 375 635 et
384 592 434 643 Eva,
450 591 548 635 namhoc
563 598 594 633 est
609 604 685 633 nomen
700 605 742 633 mu-

81 666 142 717 lieris,
162 667 212 708 nudi
227 680 294 720 neque
312 667 480 716 erubescebantt
500 678 548 706 nam
562 665 660 706 innocens
679 671 701 705 et
715 665 742 705 in-

81 739 155 780 fantilis
173 740 272 792 cogitatio
288 746 332 780 erat
346 739 366 779 in
381 740 416 790 eis,
437 752 504 793 neque
519 737 559 780 ulla
575 737 693 793 perceptiod
708 744 743 779 aut

81 810 199 865 imaginatio
215 809 299 867 ladlerat
319 812 347 852 eis
367 810 449 861 exilio,
470 811 526 865 quod
542 809 652 865 aliquando
668 808 743 852 malitia

81 896 118 938 per
137 882 222 938 placitas
243 883 365 938 cupiditates
386 889 406 924 et
425 881 537 924 inhonestis
558 882 704 937 cupiditatibus
723 882 743 922 in

82 957 149 997 anima
164 956 259 1010 gignitur.
288 956 343 997 Nam
359 970 384 996 eo
399 962 504 1010 tempore⁰
519 957 619 1009 integram
634 955 744 997 seruabant

82 1043 139 1071 suam
155 1035 254 1080 naturam,
270 1028 328 1084 quod
342 1028 451 1084 inspiratus
466 1030 486 1070 in
497 1035 590 1071 creatura
599 1028 681 1083 spiritus
692 1029 745 1070 erats

82 1102 142 1144 ultae.
158 1103 224 1156 Atqui
237 1102 287 1144 dum
297 1107 425 1156 perseueratg
440 1107 461 1143 et
475 1107 545 1143 munet
554 1103 636 1156 spiritus
641 1099 654 1152 ¹¹,
671 1103 743 1156 inquo

83 1173 164 1217 ordinei
178 1181 199 1216 et
209 1174 299 1217 virtute4
310 1172 376 1230 [datus
387 1172 443 1231 estll',
460 1174 496 1216 abl
510 1175 655 1230 imaginatione
670 1181 691 1217 et
701 1189 744 1230 per-

83 1248 194 1301 ceptione1¹1
204 1246 255 1289 liber
265 1253 296 1289 est
305 1247 405 1289 viliorum.
427 1247 513 1302 Propter
523 1247 568 1289 hoc‘
576 1248 638 1302 igitur
650 1254 690 1289 non
702 1262 744 1289 eru·

113 1370 118 1392 ¹
131 1373 157 1406 Gn
170 1382 184 1413 2,
199 1382 225 1406 21.
295 1370 301 1391 ²
314 1371 340 1404 Gn
353 1381 368 1413 2,
382 1380 408 1414 23.
478 1370 484 1392 ³
497 1372 523 1405 Gn
537 1380 551 1413 2,
565 1378 591 1415 25.

112 1431 155 1465 ⁴Cl.
169 1432 195 1466 Gn
208 1433 223 1474 6,
237 1442 256 1475 3;
270 1432 302 1475 Sap
316 1442 330 1472 1,
344 1438 362 1474 53
375 1433 417 1465 Rom
430 1433 445 1474 8,
459 1440 511 1476 5sqq.

111 1542 118 1557 ὃ
131 1537 147 1569 Sl
159 1537 226 1569 verbum
239 1548 276 1569 anu.
289 1536 383 1570 retinueris:
398 1547 436 1580 «pro
449 1547 484 1570 ea».

112 1596 119 1617 ¹³
131 1598 163 1630 ΤΜ
175 1598 228 1630 minus
240 1604 322 1630 accurate:
335 1608 359 1630 zu.
409 1592 411 1595 ’
428 1597 487 1629 eTlll:
500 1598 554 1639 Diese,
567 1608 651 1631 exsensu.

112 1656 120 1677 (¹
132 1659 164 1691 Tlll
177 1658 253 1697 derelicta
266 1659 386 1692 constructione
398 1669 462 1691 armena
474 1658 521 1692 vertit
534 1669 566 1692 non
581 1659 615 1692 siue
627 1658 745 1693 additamento:

84 1721 107 1753 sie
119 1720 177 1753 lramen
189 1715 235 1752 nicht
246 1720 291 1760 duzu¹
306 1731 325 1752 zu
337 1720 402 1753 tlenlren
415 1726 445 1754 etc.
458 1738 479 1742 —
492 1721 518 1752 De
530 1726 583 1753 cetero
596 1720 612 1752 in
625 1726 668 1753 textu
680 1732 745 1754 armeno

84 1790 113 1822 pro
125 1780 229 1812 substantivis
243 1781 345 1824 «perceptio»
359 1786 376 1812 et
389 1779 501 1823 «imaginatio»
516 1780 604 1814 infinitivos
612 1782 663 1814 habes
674 1782 746 1814 subsun-

85 1841 111 1872 tivi
125 1841 174 1873 modo
186 1841 281 1884 applicatos,

114 1902 164 1934 eTlll
176 1901 229 1935 addit:
247 1903 294 1942 noch,
312 1902 355 1945 quod
367 1902 433 1945 quidem
449 1902 502 1935 sensui
515 1903 594 1946 congruit.
619 1904 714 1937 Aecurutius
726 1905 747 1937 ad

84 1962 152 1994 uerbum
164 1968 224 1995 vertes:
238 1963 280 1995 Nam
292 1968 337 1996 erant
349 1974 369 1996 eo
381 1969 453 2006 tempore
466 1964 524 2006 integri
537 1965 617 1997 servando
630 1970 659 1997 ete.

115 2021 121 2042 s
132 2023 173 2055 Tu:
186 2023 206 2055 da
218 2034 255 2056 war.

113 2084 165 2116 stit
183 2085 255 2127 neglexit
272 2096 321 2117 unum
339 2096 359 2117 ex
376 2086 455 2118 ambobus
473 2088 506 2118 sere
526 2087 670 2131 aequipollentibus
688 2089 746 2121 verbis.

85 2144 180 2176 Accusatius
192 2145 212 2176 ad
224 2145 291 2177 verbum
303 2145 435 2188 reddesz-Atqui
447 2148 566 2188 perseverando
579 2152 595 2179 et
607 2149 687 2180 manendo
699 2148 747 2192 Spiri-

73 2210 110 2238 tus
122 2209 152 2237 etc.
222 2203 229 2225 ¹¹
241 2205 283 2238 Tu:
297 2205 354 2239 Odem.

116 2262 119 2284 t
131 2265 164 2297 Ttl
176 2265 259 2308 adiungit:
274 2266 315 2299 «den
327 2266 361 2299 ihm
373 2267 516 2315 zukornnenden»,
530 2268 559 2301 ad:
574 2269 640 2312 «Rang»
655 2268 718 2313 (ordo),

112 2324 120 2344 l
131 2326 150 2357 In
163 2336 201 2359 arm.
210 2326 277 2358 verbum
289 2326 339 2360 deest.
360 2327 435 2371 Suppleri
446 2335 500 2371 potest
511 2330 608 2372 akugezav»
617 2330 708 2372 :positus
719 2336 747 2364 est.

116 2384 120 2405 ¹
132 2386 165 2418 TM
177 2387 311 2419 constructionem
321 2400 401 2420 armenam
412 2388 477 2433 reliquit
487 2395 503 2423 et
514 2390 595 2423 obiectum
603 2390 677 2427 viliorum
688 2398 748 2425 mutata

86 2445 175 2490 praedicati
187 2446 263 2490 qualitate
276 2447 375 2482 subiectum:
390 2449 558 2494 «Schlechtiglreitem
573 2450 660 2484 constituit.

109 2508 174 2541 1ΠΤΜε
195 2510 338 2553 «uuzugttuglich»,
359 2511 377 2543 id
396 2512 440 2553 quod
459 2514 513 2545 sensui
531 2512 623 2556 dogmatico
640 2513 748 2546 lrenuei'vix

87 2568 154 2612 aequale
166 2569 200 2601 erit.
