1606 2792
68 116 110 161 Soet.
117 127 138 161 ll.
151 125 216 171 Religio
224 125 334 160 dlvmiserat.
341 125 433 160 restituitur.
446 126 568 171 Redemptionis
576 125 684 170 praeparatio.
708 134 729 169 43

86 233 88 235 ’
99 236 130 279 18.
141 235 169 278 Et
178 234 356 279 vehementissime
364 234 446 291 profusa
456 242 477 279 et
487 235 571 279 dilatata
581 235 657 279 malitia
665 235 731 292 potita

68 315 111 352 est⁸
125 316 170 351 toto
186 323 260 364 genere
275 309 388 360 hominum,
408 323 474 364 usque
489 310 539 352 dum
554 308 614 351 valde
632 309 730 365 exiguum

68 382 154 424 institiae
174 395 244 423 semen
263 382 371 424 exsisteret
389 382 410 422 in
425 382 467 442 ets,
489 382 517 423 Et
531 381 661 437 illegitimaeb
676 396 730 424 corn·

69 456 179 497 mixtiones
191 462 336 510 superterram
347 459 410 504 erant,
425 468 472 496 narn
483 455 656 497 commiscuerunt
666 470 688 497 se
698 470 731 498 an·

69 525 109 581 geli
124 540 172 568 cum
182 526 251 582 prolet
261 526 347 568 filiarum
361 526 474 576 hominum,
490 539 543 581 quae
554 534 668 581 genuerunt
682 527 732 581 ipsis

69 600 126 651 filios,
143 599 178 654 qui
193 592 277 654 propter
287 599 369 641 nimiam
385 599 548 654 magnitudinem
560 597 665 656 [gigantes]
678 600 731 642 terri·

69 671 147 729 genae‘¹
161 674 229 715 vocati
243 673 310 715 sunt¹.
336 671 409 727 ltaque
424 671 490 726 angeli
504 673 546 714 suis
561 673 661 715 uxoribus
676 673 732 715 dona

69 746 172 787 ferebant⁰
187 746 276 786 malitiae
292 746 400 795 doctrinas,
417 759 464 786 nam
479 746 583 787 docebant
597 760 632 787 eas
647 746 731 787 virtutes

69 818 161 860 radicum
176 823 197 859 et
211 817 321 859 herbarum
336 824 357 859 et
372 823 436 860 artem
451 818 567 860 tinctoriam
582 824 603 860 et
613 818 696 861 fucandi
710 825 731 860 et

68 893 207 934 inventionem
217 892 351 947 pretiosarum
363 892 499 943 materiarum,
515 890 688 935 medicamentum
698 908 731 936 ve·

69 966 165 1015 instans,
185 965 266 1015 odium,
287 978 386 1016 amorem,
407 965 481 1006 amoris
496 965 597 1016 ardorem,
617 965 733 1009 illecebras¹'

63 1038 149 1088 amoris,
160 1036 241 1080 vincula
251 1038 343 1093 magicae
354 1037 408 1088 artis,
424 1043 445 1080 et
455 1039 523 1080 omnia
534 1039 643 1094 praestigia
653 1047 674 1081 et
684 1039 731 1081 Deo

69 1111 167 1152 odibilem
182 1109 318 1152 idololatriam
324 1111 339 1161 2,
355 1111 429 1165 quibus
440 1112 459 1153 in
470 1112 570 1154 mundum
580 1113 676 1167 ingressis
685 1127 731 1167 pro-

69 1189 157 1239 pagatat
169 1181 200 1240 [etl
217 1183 320 1226 cumulata
334 1190 382 1227 sunt
397 1183 485 1227 malitiae
495 1185 584 1240 negotia,
601 1191 622 1228 et
632 1185 732 1228 diminuta

70 1256 193 1298 deficiebant
209 1254 304 1313 [negotia]
320 1258 412 1301 iustitiae.

100 1384 222 1428 ¹Gn6‚24;
246 1386 279 1419 Bar
291 1395 305 1428 3,
319 1386 345 1420 26.
370 1385 403 1429 Sap
417 1395 441 1427 14,
455 1387 470 1420 8.
495 1386 538 1420 Eccli
553 1387 607 1429 16,8.

99 1445 252 1488 tsap14,912.

98 1554 105 1569 n
117 1551 161 1582 Arm.
171 1547 265 1592 praeponit;
279 1547 357 1592 pervenit.

96 1608 103 1629 l
116 1609 162 1643 Sive:
175 1609 269 1648 materiales,
283 1609 297 1641 si
309 1614 368 1642 textum
381 1621 390 1641 a
402 1609 434 1641 TM
447 1609 507 1642 editum
519 1620 610 1653 supponere
622 1609 663 1641 velis
675 1614 690 1641 et
702 1615 732 1642 tar-

69 1683 116 1704 roren
133 1671 149 1703 in
165 1675 228 1707 taroren
242 1659 395 1714 (efiVardanlan'l.
408 1668 431 1713 c.)
444 1676 505 1703 mutare
521 1671 624 1703 recusaveris.
644 1670 677 1702 Tul
689 1670 732 1703 haud

70 1737 151 1765 accurate:
161 1731 310 1776 «Vermischungen
317 1731 395 1764 zvvischen
402 1730 529 1765 verschiedenen
535 1731 647 1764 Elementenn.
660 1731 732 1764 Lericon

70 1804 129 1826 novum
141 1792 206 1835 linguae
219 1804 293 1826 armenae
305 1804 314 1825 a
326 1793 356 1827 PP.
366 1792 473 1833 Avetilrhean,
490 1792 591 1833 Siurnalean,
607 1792 694 1836 Augerean
702 1792 732 1825 Ve-

69 1853 117 1886 netiis
131 1852 173 1894 1837
186 1852 246 1887 editum
263 1852 359 1886 adiectivum
372 1858 463 1890 «tarroren»
473 1853 551 1886 :variis
567 1852 651 1886 elementis
667 1852 732 1885 mixtum

70 1912 125 1955 nescit,
138 1912 167 1945 sed
175 1912 192 1945 id
200 1912 279 1945 adiectivo
290 1912 394 1956 «tarreghen»
405 1913 471 1955 exprimi
479 1913 555 1946 ostendit.
571 1913 626 1955 Quare
640 1919 731 1946 «turronem

70 1980 121 2006 textus
134 1984 178 2006 error
189 1961 252 2006 scribae
265 1983 299 2006 esse
311 1974 374 2006 videtur
381 1984 411 2017 pro
422 1979 511 2014 «tarmen»,
525 1974 569 2017 quod
580 1975 622 2007 idern
631 1973 693 2007 lexicon
702 1986 733 2018 pro

71 2035 183 2078 «illegitimus»
201 2034 251 2067 affert.
279 2034 373 2067 Particulam
392 2034 469 2067 «khanzi»
486 2036 538 2078 primo
555 2034 592 2067 loco
609 2035 673 2078 neglexi
691 2043 708 2067 nt
724 2046 733 2066 a

73 2095 137 2127 librario
150 2105 217 2127 erronee
229 2095 302 2138 positam.

97 2160 103 2175 t
117 2155 149 2188 Tit
161 2166 192 2189 om.

84 2227 86 2232 ’
99 2215 109 2235 ‘l‘
118 2217 137 2249 ln
149 2216 181 2250 hoc
193 2222 236 2249 teitu
249 2217 329 2249 connexio
341 2217 394 2260 logica
407 2218 463 2250 deesse
475 2218 543 2258 videtur,
556 2227 592 2249 cum
604 2217 662 2260 ingens
674 2217 733 2261 magni«

70 2278 109 2310 tudo
121 2277 162 2311 ratio
175 2288 210 2311 esse
221 2279 290 2322 nequeat
299 2277 338 2310 tales
347 2278 436 2321 terrigenas
445 2277 544 2321 appellandi,
557 2288 606 2321 quare
617 2278 734 2310 substantivum

70 2338 151 2382 Hskaykh
160 2339 263 2382 :gigantes
275 2339 368 2371 addendum
380 2350 415 2372 esse
427 2345 472 2382 puto,
485 2340 529 2382 quod
541 2344 556 2372 et
568 2340 585 2371 in
598 2350 611 2372 o.
621 2346 641 2380 27
654 2339 696 2371 inira
707 2340 734 2371 lra-

70 2400 118 2433 betur
130 2405 146 2431 et
158 2401 202 2442 quod
214 2400 245 2432 iam
257 2401 274 2431 in
286 2411 321 2431 inea
334 2400 437 2432 translatione
449 2400 542 2443 germanica
553 2401 600 2432 huius
612 2401 668 2443 operis
678 2400 694 2434 S.
703 2402 734 2433 Ire-
766 2400 770 2409 “

70 2461 106 2493 naei
122 2459 150 2501 13l
162 2460 250 2494 adnotavi.'
267 2460 304 2492 Hoc
317 2471 336 2493 eo
349 2461 400 2503 magis
412 2460 494 2501 suadetur,
507 2462 550 2505 qnod
563 2462 610 2494 etiam
622 2461 671 2495 Sacra
682 2461 734 2504 Serip-

71 2527 110 2560 tura]
127 2521 170 2554 cuius
182 2521 239 2555 relatio
252 2521 268 2554 S.
276 2520 339 2554 irenaei
351 2522 387 2554 fons
400 2528 428 2563 est,
442 2522 462 2555 de
474 2521 568 2566 gigantibus
580 2522 654 2566 loquitur.

99 2581 158 2615 ΒΤΜι
171 2581 226 2616 boten.
278 2594 280 2597 ·
296 2580 349 2614 fSive
359 2581 425 2615 melius:
438 2582 529 2616 violentias.
560 2574 561 2577 ¹
599 2581 734 2626 &Siveprofusa
