1606 2792
51 131 81 155 122
162 120 249 165 Conclusio
261 121 319 166 operis.
338 121 438 154 Adhortatus
450 127 505 155 auctor
518 122 600 156 lectorem.

49 239 150 283 temnunt,
167 231 209 272 sive
219 229 292 272 Filium
308 245 350 272 non
360 232 469 285 accipiunt,
485 231 582 273 adversus
593 232 713 287 mysterium
767 273 768 276 ,

50 303 207 346 incarnationis1
218 302 261 344 eius
272 303 359 355 dicantt,
373 304 415 345 sive
425 301 523 358 Spiritum
536 318 578 345 non
588 302 712 355 assumunt,

51 379 72 421 icl
82 379 149 434 ipsum
165 384 196 420 est
206 378 336 434 prophetiam
347 384 487 420 contemnunt.
506 377 535 418 Et
545 392 557 419 a
566 376 641 419 talibus
651 378 713 418 omni·

51 451 90 494 bus
105 465 143 494 nos
158 464 231 494 cavere
246 457 329 506 oportet
344 458 365 493 et
381 451 462 506 sugereu
477 465 547 493 eorum
563 465 637 502 mores,
654 450 671 492 si
685 465 713 492 re·

51 538 99 565 vera
113 525 209 566 volumus
225 523 305 578 placere
320 525 367 565 Deo
387 530 408 565 et
427 524 453 565 ab
473 537 498 565 eo
514 523 607 565 obtinere
622 523 714 579 redemp-

52 598 135 640 tionem.

83 710 88 731 ¹
100 713 137 756 Eph
152 721 166 755 3,
180 720 195 753 4,
220 712 250 744 Col
262 721 278 755 4y
291 720 306 754 3.

82 842 89 858 a
101 839 134 871 ΤΜ
146 839 241 883 praeponit:
254 839 313 880 indem,
326 840 346 872 de
359 850 391 883 quo
403 839 442 871 nihil
454 839 471 871 in
484 844 527 872 textu
538 850 609 872 armeno.

82 896 143 933 ἶ’ΤΜι
157 900 259 943 empfangen
328 904 333 920 ⁶
345 900 386 933 TM:
400 889 431 933 uns
442 900 532 934 entzielren,
557 941 558 946 1

219 1236 406 1270 ADDITAMENTUM
418 1237 553 1272 SCRIPTORIS.
572 1231 574 1236 ¹

164 1326 228 1359 irenaei
240 1327 355 1361 demonstratio
367 1329 466 1371 apostolicae
478 1329 607 1372 praedicationis.

73 1399 129 1433 Gloria
141 1399 249 1433 sanctissimae
258 1399 334 1443 Trinitati
346 1408 362 1435 et
374 1400 476 1443 uni'Deitatiy
488 1402 530 1435 Patri
543 1408 559 1435 et
570 1402 613 1436 Filio
625 1408 641 1437 et
653 1405 703 1437 omni·

172 1461 263 1505 providenti
276 1461 335 1495 Sancto
348 1462 414 1507 Spiritui
426 1463 443 1495 in
455 1463 524 1497 saecula.
545 1465 602 1498 Amen.

73 1535 110 1567 Deo
124 1535 185 1578 accepti
200 1540 215 1567 et
229 1540 254 1567 ter
265 1535 308 1568 beati
320 1536 438 1579 archiepiscopi
450 1536 517 1569 Domini
529 1537 594 1570 Ioannis
606 1539 703 1581 possessoris

140 1596 223 1638 librorum,
236 1597 288 1630 fratris
300 1597 351 1630 sancti
364 1597 407 1641 regis
418 1600 516 1631 mementote
529 1598 545 1631 in
558 1598 635 1641 Domino,

298 1661 313 1686 et
325 1656 382 1688 miselli
394 1656 479 1699 scriptoris.
