1606 2792
67 124 86 155 14
274 154 276 159 1
334 114 457 158 Proicgomena,

65 224 218 279 comparatione
235 223 363 275 movebatur,
383 230 407 265 ut
421 224 569 266 catecheticam
584 224 644 266 huius
659 225 727 279 operis

65 297 156 340 indolem
173 302 276 339 assereret.

93 371 148 413 inter
163 369 276 412 catholicos
291 377 386 412 auctores
396 371 431 413 Dr.
444 370 536 412 Gerhard
546 370 657 412 Rauschen
667 371 727 413 huius

48 467 50 470 .
65 444 166 498 opinionis
181 442 248 484 fautor
263 442 342 484 exstitit
349 444 362 483 1.

94 515 116 557 Si
127 516 177 571 quis,
189 515 287 570 loquendi
298 515 430 556 sotummodo
443 522 463 556 et
474 516 562 557 docendi
574 515 659 558 sormam
670 531 726 571 spec·

65 596 116 639 tans,
133 601 185 644 opus
198 588 250 629 inter
260 586 372 629 catechesis
383 593 481 630 tractatus
491 588 560 639 habet,
576 602 617 630 nou
629 589 726 643 estquod

67 662 176 716 disputem
640 662 642 664 ’

94 736 147 776 Eum
163 749 218 784 uero,
235 736 269 788 qui
284 734 324 775 hoc
340 734 440 776 cumillis
455 736 573 776 auctoribus
587 749 611 777 ea
622 742 691 777 mente
701 735 727 778 af-

66 808 138 859 firmat,
155 815 178 850 ut
193 812 258 849 totam
274 807 394 849 christianae
404 807 508 860 reiigionis
518 807 633 849 doctrinam
644 822 655 849 a
665 808 728 849 fideii·
790 835 792 837 v

66 869 288 935 busamplectendam
305 878 411 922 Irenaeum
431 879 475 935 hoc
491 887 579 922 tractatu
597 882 728 936 proposuisse

67 955 189 1005 contendat,
208 953 265 995 uehit
284 953 300 995 si
319 952 401 1008 plenam
421 959 441 995 et
460 953 529 995 omnia
548 954 669 997 christianae
686 954 728 997 reii-

67 1027 133 1082 gionis
151 1026 232 1068 illorum
248 1027 326 1067 dierum
342 1026 447 1067 doctrinae
467 1026 534 1081 capita
553 1025 624 1067 saitem
641 1026 729 1069 breviter

67 1106 206 1155 exponentem
222 1099 345 1142 catechesim
360 1097 394 1140 iile
409 1099 538 1141 conscribere
548 1098 641 1151 voluerit,
657 1114 729 1142 verum

67 1174 158 1229 attigisse
173 1186 255 1228 prorsus
270 1172 340 1226 negari
357 1185 441 1213 necesse
459 1178 495 1214 est.
526 1171 598 1227 Atque
613 1187 685 1214 omnes
700 1188 728 1215 er-

68 1253 118 1297 rant,
130 1247 164 1302 qui
175 1244 239 1287 aliena
253 1259 265 1287 a
275 1243 373 1299 reiigione
383 1245 461 1286 Irenaei
471 1244 539 1300 capita
549 1245 609 1286 fuisse
620 1246 728 1296 somniant,

68 1333 120 1375 quae
135 1320 155 1361 in
170 1318 211 1360 hoc
226 1332 288 1373 opere
303 1331 344 1358 non
355 1317 488 1372 explicantur,
504 1317 557 1359 sicut
567 1318 594 1359 de
604 1319 729 1372 argumentis

68 1393 116 1435 fidei
135 1408 162 1435 ex
179 1392 288 1434 traditione
307 1397 327 1433 et
347 1392 467 1433 auctoritate
483 1390 619 1434 ecclesiastica
635 1393 729 1447 petendis

68 1464 152 1519 aliisque
167 1464 228 1506 rebus
244 1464 321 1506 dictum
337 1469 373 1505 est.

96 1537 129 1578 De
149 1550 190 1591 quo
210 1537 300 1591 prudeus
317 1536 382 1577 lector
401 1549 426 1576 eo
447 1536 513 1576 minus
532 1536 551 1576 in
571 1535 635 1577 dubio
655 1537 729 1577 versari

68 1617 143 1665 potest,
159 1610 216 1664 quod
226 1609 322 1651 irenaeus
337 1610 363 1650 de
374 1609 419 1650 libri
428 1609 460 1649 sni
469 1609 510 1649 fine
521 1608 588 1649 multis
599 1608 649 1651 locis
659 1613 730 1663 aperte

69 1696 115 1724 eum
131 1682 193 1724 docet
208 1686 229 1723 et
243 1680 302 1723 claris
316 1681 384 1723 uerbis
399 1680 519 1731 manifestat,
540 1694 593 1735 quos
608 1680 683 1723 laboris
699 1681 730 1723 sui

69 1755 145 1796 fructus
161 1754 317 1808 exspectaverit.
338 1753 381 1794 Iam
391 1753 412 1793 in
422 1754 488 1808 primo
501 1754 568 1808 capite
583 1754 693 1809 episcopus
708 1767 730 1795 se

69 1841 121 1882 opus
136 1828 204 1882 ipsum
219 1827 327 1881 perfecisse
343 1826 392 1868 dicit
407 1827 432 1867 ad
447 1826 509 1867 fidem
525 1826 619 1880 discipuli
634 1828 730 1881 corrobo-

69 1885 160 1950 randam,
175 1899 203 1941 ita
214 1905 236 1940 ut
246 1899 311 1954 quiuis
321 1900 360 1941 sibi
370 1913 490 1954 persuasum
499 1898 576 1941 habere
586 1899 668 1950 debeat,
683 1914 729 1941 eum

69 1986 81 2013 a
96 1969 196 2027 discipulo
216 1985 253 2012 suo
273 1972 313 2013 iam
331 1972 376 2013 sciri
394 1986 426 2013 res
441 1986 494 2026 quae
509 1972 550 2012 fide
565 1979 659 2013 tenentur
674 1980 730 2026 puta-

69 2045 122 2087 visse
137 2057 226 2099 eumque
236 2044 326 2087 rationes
338 2043 392 2086 soias
403 2043 478 2099 quibus
488 2043 540 2085 fides
548 2044 618 2086 nititur
628 2043 731 2086 deciarare

69 2116 163 2167 voluisse,
179 2115 250 2158 utilia
266 2116 437 2163 corroboraretur.
458 2116 566 2171 Expressis
577 2108 644 2159 verbis
654 2117 731 2159 ibidem

70 2190 162 2245 promisit
177 2190 195 2230 ei
210 2203 232 2230 se
247 2190 335 2231 rationes
350 2204 397 2231 eum
413 2190 487 2231 docere
502 2188 560 2241 velle,
580 2190 654 2244 quibus
670 2189 731 2232 falsos

70 2263 166 2306 doctores
177 2261 308 2313 confundere,
320 2261 432 2305 benevolos
442 2269 510 2305 autem
519 2262 612 2305 homines
621 2278 667 2305 cum
677 2264 733 2306 orrrm'

64 2335 145 2390 fiducia
165 2336 191 2377 ad
207 2336 335 2377 christianam
352 2336 465 2377 doctrinam
485 2336 589 2378 adducere
606 2336 678 2379 valeat
709 2336 732 2377 Io

71 2408 137 2461 capite
152 2407 243 2450 secundo
259 2408 359 2462 discipulo
376 2409 486 2450 necessitas
501 2415 568 2450 rectae
583 2408 631 2450 fidei
647 2408 732 2461 necessi-

101 2563 167 2598 ¹]1iter.
177 2564 280 2603 Rundschau¹
294 2563 369 2607 r'rihngi
381 2565 407 2597 Bra
423 2564 470 2604 1908,
483 2564 522 2604 468.
