1606 2792
69 165 90 206 48
178 164 217 196 Pars
228 164 241 196 Ι,
257 165 283 196 De
294 164 373 208 religione
386 164 440 197 divina
452 165 553 199 institutione
565 161 622 209 posita.

68 274 118 316 'fecit
132 274 236 314 hominem
252 278 284 313 etn
298 273 367 326 imago
377 273 418 314 Dei
428 274 490 315 Filius
505 281 536 315 est
543 275 555 325 1,
571 276 597 316 ad
613 277 670 317 cuius
684 269 730 317 ima·

69 346 138 400 ginem
153 343 229 386 homoh
245 344 310 385 factus
330 352 366 386 est.
397 344 424 386 Et
439 352 524 400 propter
538 345 579 388 hoc
596 346 617 388 in
635 347 731 389 extremis

70 417 213 473 temporibus2
228 417 327 471 apparuit,
349 422 371 457 ut
385 418 495 472 imaginem
510 418 596 460 similem
611 421 650 462 sibi
665 425 731 461 osten·
775 437 777 440 ·

71 491 133 533 deret.
165 489 213 531 Post
228 489 268 530 hoc
284 496 429 531 testamentum
449 489 605 545 multiplicatum
620 498 651 534 est
667 506 732 547 genus

70 564 176 606 hominum
193 578 204 604 e
219 562 276 618 prole
287 564 346 605 trium
363 570 436 605 ortum.
458 563 485 605 Er
500 563 576 606 labium
592 580 656 607 unum
671 579 732 620 super

71 644 150 688 terram,
167 637 207 678 hoc
223 642 254 678 est
269 650 309 678 una
324 636 412 690 lingua3.
524 624 525 627 Ἴ

100 722 132 763 23.
152 710 241 752 Profecti
259 710 320 763 igitur
335 709 482 764 peragrabant⁰
499 716 593 752 exterra
608 709 697 753 Orientis
712 718 733 752 et

71 784 121 824 dum
137 782 265 837 migrabant⁴l
280 796 316 836 per
326 788 407 832 terram,
423 782 508 836 ingressi
520 790 568 823 sunt
578 788 651 824 terram
662 782 733 825 Siuear

71 855 131 897 ualde
151 860 279 904 extensame,
298 854 333 896 ubi
348 855 374 895 acl
390 855 460 896 turrim
478 856 624 897 exstruendam
642 857 733 911 aggressi

71 927 132 970 suntf.
156 927 305 968 Occasionemg
320 926 467 979 excogitabant
480 940 516 979 per
530 941 575 968 eam
587 925 625 983 lad]
632 928 639 949 ¹¹
654 928 675 968 in
690 940 733 968 cae-

72 1001 113 1043 lum
133 997 257 1055 egressuml,
278 999 297 1040 in
313 998 432 1040 memoriam
448 1012 519 1041 eorum
535 1000 569 1054 qui
584 1005 633 1054 post
648 1013 684 1042 eos
699 1000 733 1041 ho-

72 1075 155 1124 minum,
169 1072 261 1114 valentes
276 1070 388 1126 relinquere
404 1071 463 1112 suum
479 1071 550 1125 opusl.
575 1072 603 1114 Et
618 1073 733 1115 aedificium

72 1152 132 1188 cocto
153 1144 215 1187 latere
234 1150 255 1185 et
271 1143 369 1185 bitumine
389 1133 446 1194 erar,
467 1147 487 1183 et
507 1156 627 1199 progressus
646 1143 733 1186 faciebat

72 1217 156 1259 audacia
164 1216 283 1258 temeritatis
293 1229 370 1265 eorum,
382 1228 429 1256 cum
440 1228 511 1255 omnes
521 1216 555 1256 uni
566 1215 629 1257 verbo
641 1215 734 1257 addictim

73 1295 93 1330 et
108 1288 241 1330 cohaerentes
256 1294 329 1337 essent,
350 1292 371 1326 et
385 1299 422 1340 per
436 1299 498 1326 unam
513 1299 586 1327 uocem
602 1288 734 1328 ministerium

73 1361 182 1404 famulatus
192 1358 316 1415 praestando
332 1357 416 1399 consilio
427 1357 538 1400 uoluntatis
549 1372 619 1400 eorum
625 1365 639 1401 ¹¹.
657 1359 690 1401 Ne
700 1360 734 1413 igi-

56 1419 57 1422 Ἴ
72 1442 105 1475 tur
120 1434 195 1475 diutius
210 1433 270 1473 etiam
287 1431 395 1486 proficeret
411 1444 470 1486 opus,
486 1431 554 1472 diuisit
568 1445 639 1472 eorum
655 1430 734 1485 linguas

72 1508 136 1557 Deus,
152 1520 178 1547 ne
193 1505 244 1546 alter
259 1505 345 1558 amplius
355 1504 420 1558 possit
435 1504 521 1545 alterum
531 1504 655 1559 intellegere,
672 1512 692 1546 et
707 1504 734 1546 ita

74 1579 132 1621 divisi
151 1585 171 1619 et
190 1577 276 1633 dispersi
293 1583 341 1618 sunt
360 1581 381 1618 et
396 1576 527 1631 occupabant
541 1583 604 1629 terras
622 1578 735 1619 secundum

73 1666 130 1694 suam
141 1650 238 1706 cuiusque
246 1648 336 1704 linguam
348 1648 450 1690 distributi
459 1648 479 1689 in
491 1654 599 1691 cateruas⁰.
619 1650 643 1691 ln
653 1650 735 1706 agmina

74 1723 194 1778 congregati
210 1722 336 1770 habitabant,
352 1721 408 1761 unde
423 1720 499 1762 multae
514 1722 607 1763 nationes
621 1722 700 1763 variael'
715 1730 736 1764 et

104 1836 151 1872 ¹Col
165 1847 179 1878 1¹
194 1845 219 1881 15‘
243 1837 290 1870 Hebr
304 1846 316 1877 1,
330 1845 345 1879 3.
415 1833 563 1882 2Hebr1,rsq.
589 1838 710 1878 rPerr1,2or

103 1899 148 1931 lGn
162 1907 186 1937 11,
202 1907 216 1930 r.

102 2006 109 2020 a
120 2000 162 2032 Tul:
175 2000 219 2032 aber.
289 1997 296 2017 ¹³
308 1999 341 2031 Tul
353 1999 406 2031 addit:
420 2000 466 2032 auehi

103 2068 109 2081 ¹⁵
121 2061 154 2092 TM
166 2061 215 2092 mule:
229 2060 266 2092 Nun
278 2071 330 2102 rogen
343 2060 366 2091 sie
378 2061 409 2092 auf.
478 2057 486 2079 (ἲ
498 2061 517 2092 In
529 2071 577 2092 arm:
590 2059 682 2093 veniebant.

103 2125 109 2141 θ
121 2120 159 2153 Sive
169 2119 221 2163 longe
231 2119 365 2158 extensissinarm
378 2120 395 2152 in
406 2130 471 2152 armeno
483 2120 515 2153 duo
524 2119 598 2153 adverbia
607 2131 643 2153 cum
652 2120 736 2154 adiectivo.

106 2181 163 2214 1’ΤΜι
176 2181 259 2223 anfingen.
328 2185 335 2204 ἕ
347 2180 384 2212 Sive
396 2181 472 2213 medium.

97 2240 108 2273 ,¹¹
121 2242 140 2274 ln
152 2246 196 2274 textu
208 2251 273 2274 armeno
285 2240 423 2284 praepositioarr
434 2241 493 2274 omissa
505 2252 540 2273 esse
552 2241 620 2274 videtur.

107 2301 110 2322 ῑ
123 2302 155 2336 Seu
167 2302 255 2335 ascendere
267 2307 283 2334 et
295 2306 325 2335 etc.
335 2299 357 2344 (l)
417 2299 470 2334 kThl
482 2302 557 2335 ordinem
568 2301 653 2335 verborum
666 2301 736 2336 mutavit.

107 2362 110 2382 ¹
122 2363 164 2396 Tur:
177 2363 232 2395 wurde
244 2362 343 2405 ausgesuhrt.
416 2365 427 2380 ¹¹¹
440 2361 481 2393 Thl:
494 2362 577 2405 einmu'tig.

104 2428 111 2442 ¹¹
123 2423 155 2455 TM
166 2422 256 2456 liberrime:
270 2422 320 2454 durch
329 2421 436 2464 einstimmige
446 2420 494 2465 (sici)
503 2422 561 2455 Arbeit
569 2423 605 2455 dem
614 2422 737 2465 vorgesteclrten

77 2484 121 2516 Ziele
133 2484 229 2517 austrebren.
240 2521 241 2524 Ἴ

105 2551 111 2564 “
123 2545 157 2577 ΤΜ
168 2545 185 2576 in
197 2544 331 2587 interpretatione
340 2554 416 2586 germana
425 2543 464 2576 haec
476 2544 526 2576 verbu
538 2543 579 2577 male
589 2554 625 2576 cum
634 2543 738 2585 sequentibus

53 2646 55 2650 ι
77 2605 164 2647 coniunxit,
178 2615 223 2638 secus
235 2604 250 2637 in
264 2609 307 2640 textu
319 2614 389 2637 armeno.
458 2608 466 2628 1*
478 2602 566 2649 eurupam
578 2605 649 2639 παντοῖα
659 2601 687 2647 (i),
