<?xml version="1.0" encoding="UTF-8"?>
<!DOCTYPE html PUBLIC "-//W3C//DTD XHTML 1.0 Transitional//EN"
    "http://www.w3.org/TR/xhtml1/DTD/xhtml1-transitional.dtd">
<html xmlns="http://www.w3.org/1999/xhtml" xml:lang="en" lang="en">
 <head>
  <title>
</title>
<meta http-equiv="Content-Type" content="text/html;charset=utf-8" />
  <meta name='ocr-system' content='tesseract 3.04.00' />
  <meta name='ocr-capabilities' content='ocr_page ocr_carea ocr_par ocr_line ocrx_word'/>
</head>
<body>
  <div class='ocr_page' id='page_1' title='image "./MN41580ucmf_0_0042.png"; bbox 0 0 1606 2792; ppageno 0'>
   <div class='ocr_carea' id='block_1_1' title="bbox 52 136 443 180">
    <p class='ocr_par' dir='ltr' id='par_1_1' title="bbox 52 136 443 180">
     <span class='ocr_line' id='line_1_1' title="bbox 52 136 443 180; baseline 0.003 -12"><span class='ocrx_word' id='word_1_1' title='bbox 52 138 61 168; x_wconf 73' lang='grc' dir='ltr'>ὅ</span> <span class='ocrx_word' id='word_1_2' title='bbox 322 136 443 180; x_wconf 84' lang='lat' dir='ltr'>Prolegomena.</span> 
     </span>
    </p>
   </div>
   <div class='ocr_carea' id='block_1_2' title="bbox 52 245 761 2341">
    <p class='ocr_par' dir='ltr' id='par_1_2' title="bbox 52 245 712 372">
     <span class='ocr_line' id='line_1_2' title="bbox 52 245 712 302; baseline 0.005 -16"><span class='ocrx_word' id='word_1_3' title='bbox 52 253 134 288; x_wconf 88' lang='lat' dir='ltr'>ostensa</span> <span class='ocrx_word' id='word_1_4' title='bbox 148 247 168 288; x_wconf 94' lang='lat' dir='ltr'>in</span> <span class='ocrx_word' id='word_1_5' title='bbox 180 259 229 287; x_wconf 87' lang='lat' dir='ltr'>mea</span> <span class='ocrx_word' id='word_1_6' title='bbox 242 245 408 299; x_wconf 78' lang='lat' dir='ltr'>interpretatione</span> <span class='ocrx_word' id='word_1_7' title='bbox 419 259 516 300; x_wconf 82' lang='lat' dir='ltr'>germana</span> <span class='ocrx_word' id='word_1_8' title='bbox 526 245 610 289; x_wconf 88' lang='lat' dir='ltr'>inveniri</span> <span class='ocrx_word' id='word_1_9' title='bbox 619 254 712 302; x_wconf 85' lang='lat' dir='ltr'>possunt,</span> 
     </span>
     <span class='ocr_line' id='line_1_3' title="bbox 52 317 425 372; baseline -0.003 -12"><span class='ocrx_word' id='word_1_10' title='bbox 52 319 69 360; x_wconf 90' lang='lat' dir='ltr'>si</span> <span class='ocrx_word' id='word_1_11' title='bbox 84 332 101 360; x_wconf 88' lang='lat' dir='ltr'>c.</span> <span class='ocrx_word' id='word_1_12' title='bbox 117 327 144 372; x_wconf 79' lang='lat'>47</span> <span class='ocrx_word' id='word_1_13' title='bbox 162 326 185 371; x_wconf 89' lang='lat'>55</span> <span class='ocrx_word' id='word_1_14' title='bbox 203 317 227 359; x_wconf 85' lang='lat'>61</span> <span class='ocrx_word' id='word_1_15' title='bbox 246 318 270 359; x_wconf 84' lang='lat'>81</span> <span class='ocrx_word' id='word_1_16' title='bbox 288 317 425 372; x_wconf 90' lang='lat' dir='ltr'>inspiciuntur.</span> 
     </span>
    </p>

    <p class='ocr_par' dir='ltr' id='par_1_3' title="bbox 53 390 761 2341">
     <span class='ocr_line' id='line_1_4' title="bbox 80 390 714 436; baseline 0.006 -4"><span class='ocrx_word' id='word_1_17' title='bbox 80 391 120 434; x_wconf 89' lang='lat' dir='ltr'>Hic</span> <span class='ocrx_word' id='word_1_18' title='bbox 133 390 264 433; x_wconf 88' lang='lat' dir='ltr'>solummodo</span> <span class='ocrx_word' id='word_1_19' title='bbox 278 390 357 432; x_wconf 87' lang='lat' dir='ltr'>animus</span> <span class='ocrx_word' id='word_1_20' title='bbox 368 391 394 432; x_wconf 91' lang='lat' dir='ltr'>ad</span> <span class='ocrx_word' id='word_1_21' title='bbox 405 391 480 433; x_wconf 91' lang='lat' dir='ltr'>modos</span> <span class='ocrx_word' id='word_1_22' title='bbox 489 392 582 434; x_wconf 84' lang='lat' dir='ltr'>vertendi</span> <span class='ocrx_word' id='word_1_23' title='bbox 596 392 714 436; x_wconf 81' lang='lat' dir='ltr'>intendatur</span> 
     </span>
     <span class='ocr_line' id='line_1_5' title="bbox 53 453 714 519; baseline 0.005 -14"><span class='ocrx_word' id='word_1_24' title='bbox 53 453 146 519; x_wconf 78' lang='lat' dir='ltr'>oportet,</span> <span class='ocrx_word' id='word_1_25' title='bbox 166 477 218 519; x_wconf 91' lang='lat' dir='ltr'>quos</span> <span class='ocrx_word' id='word_1_26' title='bbox 237 464 257 504; x_wconf 91' lang='lat' dir='ltr'>in</span> <span class='ocrx_word' id='word_1_27' title='bbox 278 478 294 505; x_wconf 92' lang='lat' dir='ltr'>c.</span> <span class='ocrx_word' id='word_1_28' title='bbox 312 472 323 516; x_wconf 92' lang='lat'><em>7</em></span> <span class='ocrx_word' id='word_1_29' title='bbox 341 466 352 505; x_wconf 88' lang='lat'>8</span> <span class='ocrx_word' id='word_1_30' title='bbox 371 471 393 516; x_wconf 87' lang='lat'>15</span> <span class='ocrx_word' id='word_1_31' title='bbox 410 475 435 516; x_wconf 80' lang='lat'>41</span> <span class='ocrx_word' id='word_1_32' title='bbox 455 471 478 517; x_wconf 80' lang='lat'>53</span> <span class='ocrx_word' id='word_1_33' title='bbox 496 474 520 518; x_wconf 87' lang='lat'>71</span> <span class='ocrx_word' id='word_1_34' title='bbox 539 474 565 518; x_wconf 86' lang='lat'>72</span> <span class='ocrx_word' id='word_1_35' title='bbox 581 477 606 519; x_wconf 85' lang='lat'>91</span> <span class='ocrx_word' id='word_1_36' title='bbox 626 467 714 508; x_wconf 82' lang='lat' dir='ltr'>breuiter</span> 
     </span>
     <span class='ocr_line' id='line_1_6' title="bbox 53 535 715 594; baseline 0.006 -17"><span class='ocrx_word' id='word_1_37' title='bbox 53 537 225 578; x_wconf 85' lang='lat' dir='ltr'>examinabamus.</span> <span class='ocrx_word' id='word_1_38' title='bbox 256 535 416 590; x_wconf 80' lang='lat' dir='ltr'>Diligentissima</span> <span class='ocrx_word' id='word_1_39' title='bbox 433 538 596 580; x_wconf 84' lang='lat' dir='ltr'>consideratione</span> <span class='ocrx_word' id='word_1_40' title='bbox 611 535 668 594; x_wconf 79' lang='lat' dir='ltr'>digni</span> <span class='ocrx_word' id='word_1_41' title='bbox 687 539 715 581; x_wconf 89' lang='lat' dir='ltr'>illi</span> 
     </span>
     <span class='ocr_line' id='line_1_7' title="bbox 53 610 715 667; baseline 0.003 -16"><span class='ocrx_word' id='word_1_42' title='bbox 53 610 109 651; x_wconf 94' lang='lat' dir='ltr'>modi</span> <span class='ocrx_word' id='word_1_43' title='bbox 124 610 216 651; x_wconf 88' lang='lat' dir='ltr'>vertendi</span> <span class='ocrx_word' id='word_1_44' title='bbox 231 616 289 660; x_wconf 89' lang='lat' dir='ltr'>sunt,</span> <span class='ocrx_word' id='word_1_45' title='bbox 310 610 385 663; x_wconf 89' lang='lat' dir='ltr'>quibus</span> <span class='ocrx_word' id='word_1_46' title='bbox 399 610 498 664; x_wconf 88' lang='lat' dir='ltr'>interpres</span> <span class='ocrx_word' id='word_1_47' title='bbox 512 617 592 651; x_wconf 82' lang='lat' dir='ltr'>textum</span> <span class='ocrx_word' id='word_1_48' title='bbox 609 612 715 667; x_wconf 86' lang='lat' dir='ltr'>archetypi</span> 
     </span>
     <span class='ocr_line' id='line_1_8' title="bbox 54 682 715 736; baseline 0.003 -13"><span class='ocrx_word' id='word_1_49' title='bbox 54 682 104 723; x_wconf 80' lang='lat' dir='ltr'>falso</span> <span class='ocrx_word' id='word_1_50' title='bbox 120 682 233 723; x_wconf 88' lang='lat' dir='ltr'>diiudicans</span> <span class='ocrx_word' id='word_1_51' title='bbox 248 682 268 721; x_wconf 97' lang='lat' dir='ltr'>in</span> <span class='ocrx_word' id='word_1_52' title='bbox 284 694 372 722; x_wconf 91' lang='lat' dir='ltr'>errorem</span> <span class='ocrx_word' id='word_1_53' title='bbox 388 683 530 725; x_wconf 82' lang='lat' dir='ltr'>seducebatur.</span> <span class='ocrx_word' id='word_1_54' title='bbox 553 682 631 736; x_wconf 83' lang='lat' dir='ltr'>Quales</span> <span class='ocrx_word' id='word_1_55' title='bbox 645 685 666 725; x_wconf 91' lang='lat' dir='ltr'>iu</span> <span class='ocrx_word' id='word_1_56' title='bbox 676 684 715 725; x_wconf 88' lang='lat' dir='ltr'>hac</span> 
     </span>
     <span class='ocr_line' id='line_1_9' title="bbox 53 754 715 799; baseline 0.005 -4"><span class='ocrx_word' id='word_1_57' title='bbox 53 755 145 795; x_wconf 86' lang='lat' dir='ltr'>versione</span> <span class='ocrx_word' id='word_1_58' title='bbox 158 768 248 796; x_wconf 81' lang='lat' dir='ltr'>armena</span> <span class='ocrx_word' id='word_1_59' title='bbox 262 754 339 795; x_wconf 76' lang='lat' dir='ltr'>irenaei</span> <span class='ocrx_word' id='word_1_60' title='bbox 358 768 400 796; x_wconf 91' lang='lat' dir='ltr'>non</span> <span class='ocrx_word' id='word_1_61' title='bbox 417 756 488 796; x_wconf 91' lang='lat' dir='ltr'>deesse</span> <span class='ocrx_word' id='word_1_62' title='bbox 502 757 602 799; x_wconf 86' lang='lat' dir='ltr'>videntur.</span> <span class='ocrx_word' id='word_1_63' title='bbox 633 757 715 799; x_wconf 88' lang='lat' dir='ltr'>Etenim</span> 
     </span>
     <span class='ocr_line' id='line_1_10' title="bbox 53 825 716 884; baseline 0.005 -16"><span class='ocrx_word' id='word_1_64' title='bbox 53 840 70 868; x_wconf 86' lang='lat' dir='ltr'>c.</span> <span class='ocrx_word' id='word_1_65' title='bbox 88 838 98 880; x_wconf 77' lang='lat'>3</span> <span class='ocrx_word' id='word_1_66' title='bbox 118 838 142 868; x_wconf 89' lang='lat'>10</span> <span class='ocrx_word' id='word_1_67' title='bbox 161 839 183 868; x_wconf 86' lang='lat'>11</span> <span class='ocrx_word' id='word_1_68' title='bbox 204 825 328 881; x_wconf 82' lang='lat' dir='ltr'>singularem</span> <span class='ocrx_word' id='word_1_69' title='bbox 349 840 456 868; x_wconf 90' lang='lat' dir='ltr'>numerum</span> <span class='ocrx_word' id='word_1_70' title='bbox 479 828 573 879; x_wconf 79' lang='lat' dir='ltr'>adhibet,</span> <span class='ocrx_word' id='word_1_71' title='bbox 593 829 629 870; x_wconf 90' lang='lat' dir='ltr'>ubi</span> <span class='ocrx_word' id='word_1_72' title='bbox 644 829 716 884; x_wconf 83' lang='lat' dir='ltr'>plurali</span> 
     </span>
     <span class='ocr_line' id='line_1_11' title="bbox 54 898 714 952; baseline 0.008 -13"><span class='ocrx_word' id='word_1_73' title='bbox 54 900 119 941; x_wconf 85' lang='lat' dir='ltr'>forma</span> <span class='ocrx_word' id='word_1_74' title='bbox 138 901 167 940; x_wconf 92' lang='lat' dir='ltr'>uti</span> <span class='ocrx_word' id='word_1_75' title='bbox 185 900 281 941; x_wconf 89' lang='lat' dir='ltr'>debebat.</span> <span class='ocrx_word' id='word_1_76' title='bbox 313 898 376 952; x_wconf 75' lang='lat' dir='ltr'>Quod</span> <span class='ocrx_word' id='word_1_77' title='bbox 392 900 468 941; x_wconf 86' lang='lat' dir='ltr'>facturn</span> <span class='ocrx_word' id='word_1_78' title='bbox 489 915 533 942; x_wconf 87' lang='lat' dir='ltr'>esse</span> <span class='ocrx_word' id='word_1_79' title='bbox 551 903 658 943; x_wconf 86' lang='lat' dir='ltr'>uerisimile</span> <span class='ocrx_word' id='word_1_80' title='bbox 678 909 714 952; x_wconf 82' lang='lat' dir='ltr'>est,</span> 
     </span>
     <span class='ocr_line' id='line_1_12' title="bbox 54 972 715 1029; baseline 0.006 -16"><span class='ocrx_word' id='word_1_81' title='bbox 54 972 101 1027; x_wconf 84' lang='lat' dir='ltr'>quia</span> <span class='ocrx_word' id='word_1_82' title='bbox 116 972 202 1014; x_wconf 81' lang='lat' dir='ltr'>fortasse</span> <span class='ocrx_word' id='word_1_83' title='bbox 218 987 262 1013; x_wconf 78' lang='lat' dir='ltr'>uox</span> <span class='ocrx_word' id='word_1_84' title='bbox 279 972 385 1027; x_wconf 85' lang='lat' dir='ltr'>archetypi</span> <span class='ocrx_word' id='word_1_85' title='bbox 405 973 432 1014; x_wconf 92' lang='lat' dir='ltr'>ita</span> <span class='ocrx_word' id='word_1_86' title='bbox 452 974 584 1025; x_wconf 82' lang='lat' dir='ltr'>scribebatur,</span> <span class='ocrx_word' id='word_1_87' title='bbox 604 982 628 1017; x_wconf 91' lang='lat' dir='ltr'>ut</span> <span class='ocrx_word' id='word_1_88' title='bbox 643 989 679 1029; x_wconf 89' lang='lat' dir='ltr'>per</span> <span class='ocrx_word' id='word_1_89' title='bbox 693 990 715 1017; x_wconf 91' lang='lat' dir='ltr'>se</span> 
     </span>
     <span class='ocr_line' id='line_1_13' title="bbox 54 1044 715 1102; baseline 0.005 -15"><span class='ocrx_word' id='word_1_90' title='bbox 54 1044 160 1100; x_wconf 85' lang='lat' dir='ltr'>singularis</span> <span class='ocrx_word' id='word_1_91' title='bbox 175 1052 210 1087; x_wconf 88' lang='lat' dir='ltr'>aut</span> <span class='ocrx_word' id='word_1_92' title='bbox 222 1044 304 1099; x_wconf 88' lang='lat' dir='ltr'>pluralis</span> <span class='ocrx_word' id='word_1_93' title='bbox 315 1045 379 1087; x_wconf 78' lang='lat' dir='ltr'>forma</span> <span class='ocrx_word' id='word_1_94' title='bbox 390 1045 460 1087; x_wconf 91' lang='lat' dir='ltr'>haberi</span> <span class='ocrx_word' id='word_1_95' title='bbox 471 1054 548 1101; x_wconf 88' lang='lat' dir='ltr'>posset,</span> <span class='ocrx_word' id='word_1_96' title='bbox 564 1048 590 1089; x_wconf 87' lang='lat' dir='ltr'>ab</span> <span class='ocrx_word' id='word_1_97' title='bbox 605 1049 715 1102; x_wconf 90' lang='lat' dir='ltr'>interprete</span> 
     </span>
     <span class='ocr_line' id='line_1_14' title="bbox 54 1116 716 1174; baseline 0.006 -16"><span class='ocrx_word' id='word_1_98' title='bbox 54 1125 123 1159; x_wconf 90' lang='lat' dir='ltr'>autem</span> <span class='ocrx_word' id='word_1_99' title='bbox 135 1131 219 1159; x_wconf 88' lang='lat' dir='ltr'>erronee</span> <span class='ocrx_word' id='word_1_100' title='bbox 231 1116 338 1171; x_wconf 83' lang='lat' dir='ltr'>singularis</span> <span class='ocrx_word' id='word_1_101' title='bbox 348 1117 506 1171; x_wconf 82' lang='lat' dir='ltr'>intellegeretur.</span> <span class='ocrx_word' id='word_1_102' title='bbox 527 1119 608 1160; x_wconf 87' lang='lat' dir='ltr'>Deinde</span> <span class='ocrx_word' id='word_1_103' title='bbox 618 1121 716 1174; x_wconf 84' lang='lat' dir='ltr'>suspicari</span> 
     </span>
     <span class='ocr_line' id='line_1_15' title="bbox 55 1189 715 1252; baseline 0.006 -20"><span class='ocrx_word' id='word_1_104' title='bbox 55 1190 102 1232; x_wconf 89' lang='lat' dir='ltr'>licet</span> <span class='ocrx_word' id='word_1_105' title='bbox 117 1192 248 1246; x_wconf 88' lang='lat' dir='ltr'>interpretem</span> <span class='ocrx_word' id='word_1_106' title='bbox 258 1189 372 1231; x_wconf 83' lang='lat' dir='ltr'>Armenum</span> <span class='ocrx_word' id='word_1_107' title='bbox 388 1191 408 1232; x_wconf 94' lang='lat' dir='ltr'>in</span> <span class='ocrx_word' id='word_1_108' title='bbox 423 1204 440 1232; x_wconf 93' lang='lat' dir='ltr'>c.</span> <span class='ocrx_word' id='word_1_109' title='bbox 454 1198 477 1243; x_wconf 91' lang='grc'>55</span> <span class='ocrx_word' id='word_1_110' title='bbox 495 1192 614 1252; x_wconf 62' lang='grc' dir='ltr'>ςιιιεοιιιιιῆ</span> <span class='ocrx_word' id='word_1_111' title='bbox 629 1194 652 1245; x_wconf 87' lang='lat' dir='ltr'>(s.</span> <span class='ocrx_word' id='word_1_112' title='bbox 664 1192 715 1252; x_wconf 68' lang='grc' dir='ltr'><em>ἤτοι)</em></span> 
     </span>
     <span class='ocr_line' id='line_1_16' title="bbox 55 1262 715 1320; baseline 0.003 -16"><span class='ocrx_word' id='word_1_113' title='bbox 55 1277 101 1305; x_wconf 91' lang='lat' dir='ltr'>cum</span> <span class='ocrx_word' id='word_1_114' title='bbox 118 1263 260 1304; x_wconf 91' lang='lat' dir='ltr'>coniunctione</span> <span class='ocrx_word' id='word_1_115' title='bbox 275 1262 288 1320; x_wconf 77' lang='grc' dir='ltr'><em>ἦ</em></span> <span class='ocrx_word' id='word_1_116' title='bbox 303 1264 455 1317; x_wconf 88' lang='lat' dir='ltr'>permutavisse.</span> <span class='ocrx_word' id='word_1_117' title='bbox 484 1264 507 1304; x_wconf 86' lang='lat' dir='ltr'>ln</span> <span class='ocrx_word' id='word_1_118' title='bbox 523 1279 540 1305; x_wconf 87' lang='lat' dir='ltr'>c.</span> <span class='ocrx_word' id='word_1_119' title='bbox 552 1264 578 1305; x_wconf 85' lang='lat'>62</span> <span class='ocrx_word' id='word_1_120' title='bbox 594 1265 715 1306; x_wconf 82' lang='lat' dir='ltr'>adiectiuurn</span> 
     </span>
     <span class='ocr_line' id='line_1_17' title="bbox 55 1335 716 1395; baseline 0.003 -18"><span class='ocrx_word' id='word_1_121' title='bbox 55 1350 130 1377; x_wconf 90' lang='lat' dir='ltr'>nomen</span> <span class='ocrx_word' id='word_1_122' title='bbox 148 1335 231 1395; x_wconf 73' lang='grc' dir='ltr'><em>χριστός</em></span> <span class='ocrx_word' id='word_1_123' title='bbox 250 1335 277 1376; x_wconf 90' lang='lat' dir='ltr'>ab</span> <span class='ocrx_word' id='word_1_124' title='bbox 297 1335 406 1390; x_wconf 83' lang='lat' dir='ltr'>interprete</span> <span class='ocrx_word' id='word_1_125' title='bbox 427 1350 502 1386; x_wconf 89' lang='lat' dir='ltr'>nomen</span> <span class='ocrx_word' id='word_1_126' title='bbox 522 1335 633 1378; x_wconf 84' lang='lat' dir='ltr'>Salvatoris</span> <span class='ocrx_word' id='word_1_127' title='bbox 653 1338 716 1379; x_wconf 85' lang='lat' dir='ltr'>nostri</span> 
     </span>
     <span class='ocr_line' id='line_1_18' title="bbox 54 1409 715 1463; baseline 0.003 -14"><span class='ocrx_word' id='word_1_128' title='bbox 54 1409 181 1450; x_wconf 89' lang='lat' dir='ltr'>intellectum</span> <span class='ocrx_word' id='word_1_129' title='bbox 196 1409 253 1449; x_wconf 84' lang='lat' dir='ltr'>etita</span> <span class='ocrx_word' id='word_1_130' title='bbox 264 1422 348 1449; x_wconf 84' lang='lat' dir='ltr'>erronee</span> <span class='ocrx_word' id='word_1_131' title='bbox 358 1422 440 1449; x_wconf 87' lang='lat' dir='ltr'>versum</span> <span class='ocrx_word' id='word_1_132' title='bbox 451 1415 487 1450; x_wconf 89' lang='lat' dir='ltr'>est.</span> <span class='ocrx_word' id='word_1_133' title='bbox 503 1409 573 1450; x_wconf 87' lang='lat' dir='ltr'>Verba</span> <span class='ocrx_word' id='word_1_134' title='bbox 583 1410 647 1451; x_wconf 81' lang='lat' dir='ltr'>Isaiae</span> <span class='ocrx_word' id='word_1_135' title='bbox 660 1424 676 1451; x_wconf 67' lang='lat' dir='ltr'>c⁴</span> <span class='ocrx_word' id='word_1_136' title='bbox 689 1421 715 1463; x_wconf 84' lang='lat'>92</span> 
     </span>
     <span class='ocr_line' id='line_1_19' title="bbox 55 1480 716 1537; baseline 0.002 -15"><span class='ocrx_word' id='word_1_137' title='bbox 55 1482 83 1523; x_wconf 92' lang='lat' dir='ltr'>ita</span> <span class='ocrx_word' id='word_1_138' title='bbox 98 1481 177 1523; x_wconf 90' lang='lat' dir='ltr'>reddita</span> <span class='ocrx_word' id='word_1_139' title='bbox 192 1487 245 1530; x_wconf 89' lang='lat' dir='ltr'>sunt,</span> <span class='ocrx_word' id='word_1_140' title='bbox 261 1487 284 1521; x_wconf 96' lang='lat' dir='ltr'>ut</span> <span class='ocrx_word' id='word_1_141' title='bbox 294 1480 352 1521; x_wconf 81' lang='lat' dir='ltr'>facile</span> <span class='ocrx_word' id='word_1_142' title='bbox 368 1487 505 1535; x_wconf 81' lang='lat' dir='ltr'>cognoscatur</span> <span class='ocrx_word' id='word_1_143' title='bbox 518 1481 649 1536; x_wconf 88' lang='lat' dir='ltr'>interpretem</span> <span class='ocrx_word' id='word_1_144' title='bbox 660 1496 716 1537; x_wconf 83' lang='lat' dir='ltr'>grae·</span> 
     </span>
     <span class='ocr_line' id='line_1_20' title="bbox 56 1552 716 1596; baseline 0.002 -1"><span class='ocrx_word' id='word_1_145' title='bbox 56 1568 101 1595; x_wconf 93' lang='lat' dir='ltr'>cam</span> <span class='ocrx_word' id='word_1_146' title='bbox 116 1554 202 1595; x_wconf 83' lang='lat' dir='ltr'>formam</span> <span class='ocrx_word' id='word_1_147' title='bbox 218 1553 299 1594; x_wconf 90' lang='lat' dir='ltr'>dicendi</span> <span class='ocrx_word' id='word_1_148' title='bbox 317 1561 363 1594; x_wconf 90' lang='lat' dir='ltr'>ante</span> <span class='ocrx_word' id='word_1_149' title='bbox 379 1552 450 1594; x_wconf 89' lang='lat' dir='ltr'>oculos</span> <span class='ocrx_word' id='word_1_150' title='bbox 466 1553 566 1595; x_wconf 89' lang='lat' dir='ltr'>habuisse.</span> <span class='ocrx_word' id='word_1_151' title='bbox 597 1554 655 1596; x_wconf 92' lang='lat' dir='ltr'>Idem</span> <span class='ocrx_word' id='word_1_152' title='bbox 670 1569 716 1596; x_wconf 90' lang='lat' dir='ltr'>con·</span> 
     </span>
     <span class='ocr_line' id='line_1_21' title="bbox 56 1626 761 1685; baseline 0.003 -17"><span class='ocrx_word' id='word_1_153' title='bbox 56 1626 127 1668; x_wconf 89' lang='lat' dir='ltr'>cludes</span> <span class='ocrx_word' id='word_1_154' title='bbox 147 1641 173 1667; x_wconf 80' lang='lat' dir='ltr'>ex</span> <span class='ocrx_word' id='word_1_155' title='bbox 192 1626 342 1680; x_wconf 88' lang='lat' dir='ltr'>permutatione</span> <span class='ocrx_word' id='word_1_156' title='bbox 361 1626 418 1667; x_wconf 86' lang='lat' dir='ltr'>vocis</span> <span class='ocrx_word' id='word_1_157' title='bbox 438 1626 497 1683; x_wconf 74' lang='grc' dir='ltr'><em>νόμος</em></span> <span class='ocrx_word' id='word_1_158' title='bbox 516 1640 563 1668; x_wconf 90' lang='lat' dir='ltr'>curn</span> <span class='ocrx_word' id='word_1_159' title='bbox 580 1642 632 1669; x_wconf 84' lang='lat' dir='ltr'>uoce</span> <span class='ocrx_word' id='word_1_160' title='bbox 651 1627 722 1685; x_wconf 61' lang='lat' dir='ltr'>nuptie,</span> <span class='ocrx_word' id='word_1_161' title='bbox 759 1675 761 1678; x_wconf 17' lang='lat' dir='ltr'>v</span> 
     </span>
     <span class='ocr_line' id='line_1_22' title="bbox 57 1698 717 1755; baseline 0 -14"><span class='ocrx_word' id='word_1_162' title='bbox 57 1714 118 1755; x_wconf 90' lang='lat' dir='ltr'>quam</span> <span class='ocrx_word' id='word_1_163' title='bbox 129 1699 247 1741; x_wconf 86' lang='lat' dir='ltr'>Vardanian</span> <span class='ocrx_word' id='word_1_164' title='bbox 263 1713 280 1741; x_wconf 83' lang='lat' dir='ltr'>c.</span> <span class='ocrx_word' id='word_1_165' title='bbox 292 1701 316 1740; x_wconf 80' lang='lat'>81</span> <span class='ocrx_word' id='word_1_166' title='bbox 329 1699 410 1740; x_wconf 85' lang='lat' dir='ltr'>invenit.</span> <span class='ocrx_word' id='word_1_167' title='bbox 434 1698 499 1740; x_wconf 81' lang='lat' dir='ltr'>Aliud</span> <span class='ocrx_word' id='word_1_168' title='bbox 515 1713 547 1740; x_wconf 92' lang='lat' dir='ltr'>me</span> <span class='ocrx_word' id='word_1_169' title='bbox 557 1700 638 1753; x_wconf 79' lang='lat' dir='ltr'>signum</span> <span class='ocrx_word' id='word_1_170' title='bbox 649 1700 717 1755; x_wconf 85' lang='lat' dir='ltr'>graeci</span> 
     </span>
     <span class='ocr_line' id='line_1_23' title="bbox 56 1771 717 1827; baseline 0.003 -14"><span class='ocrx_word' id='word_1_171' title='bbox 56 1771 162 1827; x_wconf 86' lang='lat' dir='ltr'>archetypi</span> <span class='ocrx_word' id='word_1_172' title='bbox 176 1773 196 1814; x_wconf 92' lang='lat' dir='ltr'>in</span> <span class='ocrx_word' id='word_1_173' title='bbox 212 1786 229 1814; x_wconf 82' lang='lat' dir='ltr'>c.</span> <span class='ocrx_word' id='word_1_174' title='bbox 241 1782 268 1825; x_wconf 84' lang='lat'>90</span> <span class='ocrx_word' id='word_1_175' title='bbox 283 1771 383 1812; x_wconf 89' lang='lat' dir='ltr'>invenisse</span> <span class='ocrx_word' id='word_1_176' title='bbox 398 1771 467 1822; x_wconf 90' lang='lat' dir='ltr'>credo,</span> <span class='ocrx_word' id='word_1_177' title='bbox 483 1772 518 1813; x_wconf 91' lang='lat' dir='ltr'>ubi</span> <span class='ocrx_word' id='word_1_178' title='bbox 533 1772 553 1813; x_wconf 93' lang='lat' dir='ltr'>in</span> <span class='ocrx_word' id='word_1_179' title='bbox 563 1771 610 1814; x_wconf 92' lang='lat' dir='ltr'>loco</span> <span class='ocrx_word' id='word_1_180' title='bbox 620 1772 717 1815; x_wconf 86' lang='lat' dir='ltr'>leremiae</span> 
     </span>
     <span class='ocr_line' id='line_1_24' title="bbox 56 1844 717 1900; baseline 0.002 -14"><span class='ocrx_word' id='word_1_181' title='bbox 56 1846 76 1886; x_wconf 92' lang='lat' dir='ltr'>in</span> <span class='ocrx_word' id='word_1_182' title='bbox 91 1851 149 1886; x_wconf 82' lang='lat' dir='ltr'>textu</span> <span class='ocrx_word' id='word_1_183' title='bbox 164 1859 248 1886; x_wconf 89' lang='lat' dir='ltr'>armeno</span> <span class='ocrx_word' id='word_1_184' title='bbox 264 1844 347 1886; x_wconf 87' lang='lat' dir='ltr'>laudato</span> <span class='ocrx_word' id='word_1_185' title='bbox 363 1859 435 1886; x_wconf 82' lang='lat' dir='ltr'>uocem</span> <span class='ocrx_word' id='word_1_186' title='bbox 451 1845 507 1898; x_wconf 79' lang='lat' dir='ltr'>legis,</span> <span class='ocrx_word' id='word_1_187' title='bbox 527 1859 580 1900; x_wconf 86' lang='lat' dir='ltr'>quae</span> <span class='ocrx_word' id='word_1_188' title='bbox 595 1846 661 1887; x_wconf 86' lang='lat' dir='ltr'>civem</span> <span class='ocrx_word' id='word_1_189' title='bbox 676 1847 717 1887; x_wconf 83' lang='lat' dir='ltr'>siue</span> 
     </span>
     <span class='ocr_line' id='line_1_25' title="bbox 56 1916 717 1976; baseline -0.002 -16"><span class='ocrx_word' id='word_1_190' title='bbox 56 1918 183 1973; x_wconf 86' lang='lat' dir='ltr'>oppidanum</span> <span class='ocrx_word' id='word_1_191' title='bbox 198 1916 305 1972; x_wconf 80' lang='lat' dir='ltr'>significat,</span> <span class='ocrx_word' id='word_1_192' title='bbox 322 1918 354 1958; x_wconf 93' lang='lat' dir='ltr'>cui</span> <span class='ocrx_word' id='word_1_193' title='bbox 369 1917 388 1958; x_wconf 97' lang='lat' dir='ltr'>in</span> <span class='ocrx_word' id='word_1_194' title='bbox 399 1923 458 1959; x_wconf 75' lang='lat' dir='ltr'>textu</span> <span class='ocrx_word' id='word_1_195' title='bbox 469 1917 529 1959; x_wconf 86' lang='lat' dir='ltr'>LXX</span> <span class='ocrx_word' id='word_1_196' title='bbox 544 1932 587 1959; x_wconf 83' lang='lat' dir='ltr'>uox</span> <span class='ocrx_word' id='word_1_197' title='bbox 598 1918 679 1976; x_wconf 61' lang='grc' dir='ltr'>πολίτης</span> <span class='ocrx_word' id='word_1_198' title='bbox 689 1932 717 1959; x_wconf 91' lang='lat' dir='ltr'>re·</span> 
     </span>
     <span class='ocr_line' id='line_1_26' title="bbox 56 1987 718 2047; baseline 0 -14"><span class='ocrx_word' id='word_1_199' title='bbox 56 1991 152 2047; x_wconf 89' lang='lat' dir='ltr'>spondet,</span> <span class='ocrx_word' id='word_1_200' title='bbox 169 2005 211 2033; x_wconf 92' lang='lat' dir='ltr'>non</span> <span class='ocrx_word' id='word_1_201' title='bbox 227 1997 295 2032; x_wconf 88' lang='lat' dir='ltr'>autem</span> <span class='ocrx_word' id='word_1_202' title='bbox 311 1991 331 2032; x_wconf 94' lang='lat' dir='ltr'>in</span> <span class='ocrx_word' id='word_1_203' title='bbox 346 1997 404 2032; x_wconf 78' lang='lat' dir='ltr'>textu</span> <span class='ocrx_word' id='word_1_204' title='bbox 419 1990 516 2033; x_wconf 85' lang='lat' dir='ltr'>hebraico</span> <span class='ocrx_word' id='word_1_205' title='bbox 532 1990 565 2033; x_wconf 84' lang='lat' dir='ltr'>uel</span> <span class='ocrx_word' id='word_1_206' title='bbox 579 1987 665 2046; x_wconf 89' lang='lat' dir='ltr'>syriac0,</span> <span class='ocrx_word' id='word_1_207' title='bbox 683 1991 718 2033; x_wconf 91' lang='lat' dir='ltr'>ubi</span> 
     </span>
     <span class='ocr_line' id='line_1_27' title="bbox 56 2063 718 2119; baseline 0 -14"><span class='ocrx_word' id='word_1_208' title='bbox 56 2078 99 2105; x_wconf 87' lang='lat' dir='ltr'>vox</span> <span class='ocrx_word' id='word_1_209' title='bbox 110 2064 224 2105; x_wconf 90' lang='lat' dir='ltr'>communis</span> <span class='ocrx_word' id='word_1_210' title='bbox 237 2065 326 2104; x_wconf 85' lang='lat' dir='ltr'>«socius»</span> <span class='ocrx_word' id='word_1_211' title='bbox 340 2063 455 2105; x_wconf 86' lang='lat' dir='ltr'>adhibetur.</span> <span class='ocrx_word' id='word_1_212' title='bbox 472 2065 494 2104; x_wconf 88' lang='lat' dir='ltr'>ln</span> <span class='ocrx_word' id='word_1_213' title='bbox 505 2078 522 2105; x_wconf 89' lang='lat' dir='ltr'>c.</span> <span class='ocrx_word' id='word_1_214' title='bbox 532 2067 557 2117; x_wconf 83' lang='lat'>78</span> <span class='ocrx_word' id='word_1_215' title='bbox 569 2078 605 2119; x_wconf 90' lang='lat' dir='ltr'>per</span> <span class='ocrx_word' id='word_1_216' title='bbox 615 2070 718 2105; x_wconf 82' lang='lat' dir='ltr'>texturam</span> 
     </span>
     <span class='ocr_line' id='line_1_28' title="bbox 57 2135 718 2190; baseline 0.002 -13"><span class='ocrx_word' id='word_1_217' title='bbox 57 2151 184 2177; x_wconf 90' lang='lat' dir='ltr'>armenarum</span> <span class='ocrx_word' id='word_1_218' title='bbox 205 2150 280 2177; x_wconf 84' lang='lat' dir='ltr'>vocum</span> <span class='ocrx_word' id='word_1_219' title='bbox 302 2149 389 2189; x_wconf 82' lang='lat' dir='ltr'>graecae</span> <span class='ocrx_word' id='word_1_220' title='bbox 409 2135 503 2190; x_wconf 89' lang='lat' dir='ltr'>loquelae</span> <span class='ocrx_word' id='word_1_221' title='bbox 523 2137 597 2177; x_wconf 89' lang='lat' dir='ltr'>usitata</span> <span class='ocrx_word' id='word_1_222' title='bbox 617 2143 718 2178; x_wconf 89' lang='lat' dir='ltr'>structura</span> 
     </span>
     <span class='ocr_line' id='line_1_29' title="bbox 58 2208 718 2265; baseline 0 -14"><span class='ocrx_word' id='word_1_223' title='bbox 58 2210 128 2265; x_wconf 64' lang='grc' dir='ltr'><em>λόγους</em></span> <span class='ocrx_word' id='word_1_224' title='bbox 138 2208 252 2251; x_wconf 72' lang='grc' dir='ltr'><em>ἀποδιδόναι</em></span> <span class='ocrx_word' id='word_1_225' title='bbox 263 2209 374 2250; x_wconf 88' lang='lat' dir='ltr'>translucet</span> <span class='ocrx_word' id='word_1_226' title='bbox 382 2209 395 2250; x_wconf 86' lang='lat'>1.</span> <span class='ocrx_word' id='word_1_227' title='bbox 419 2208 483 2250; x_wconf 87' lang='lat' dir='ltr'>Simili</span> <span class='ocrx_word' id='word_1_228' title='bbox 498 2209 562 2250; x_wconf 89' lang='lat' dir='ltr'>modu</span> <span class='ocrx_word' id='word_1_229' title='bbox 577 2209 616 2250; x_wconf 92' lang='lat' dir='ltr'>sub</span> <span class='ocrx_word' id='word_1_230' title='bbox 632 2211 718 2251; x_wconf 89' lang='lat' dir='ltr'>armenis</span> 
     </span>
     <span class='ocr_line' id='line_1_30' title="bbox 57 2281 719 2341; baseline 0.005 -18"><span class='ocrx_word' id='word_1_231' title='bbox 57 2283 142 2324; x_wconf 83' lang='lat' dir='ltr'>vocibus</span> <span class='ocrx_word' id='word_1_232' title='bbox 162 2295 178 2324; x_wconf 90' lang='lat' dir='ltr'>c.</span> <span class='ocrx_word' id='word_1_233' title='bbox 195 2282 221 2334; x_wconf 80' lang='lat'>67</span> <span class='ocrx_word' id='word_1_234' title='bbox 242 2295 316 2336; x_wconf 84' lang='lat' dir='ltr'>graeca</span> <span class='ocrx_word' id='word_1_235' title='bbox 336 2288 437 2323; x_wconf 90' lang='lat' dir='ltr'>structura</span> <span class='ocrx_word' id='word_1_236' title='bbox 456 2282 566 2324; x_wconf 89' lang='lat' dir='ltr'>verborum</span> <span class='ocrx_word' id='word_1_237' title='bbox 585 2281 635 2324; x_wconf 86' lang='lat' dir='ltr'>latet</span> <span class='ocrx_word' id='word_1_238' title='bbox 655 2283 719 2341; x_wconf 74' lang='lat' dir='ltr'>aptota</span> 
     </span>
    </p>
   </div>
   <div class='ocr_carea' id='block_1_3' title="bbox 58 2352 719 2482">
    <p class='ocr_par' dir='ltr' id='par_1_4' title="bbox 58 2352 719 2482">
     <span class='ocr_line' id='line_1_31' title="bbox 58 2352 719 2409; baseline -0.002 -13"><span class='ocrx_word' id='word_1_239' title='bbox 58 2352 216 2397; x_wconf 68' lang='grc' dir='ltr'><em>ἀνταποδιδόναι.</em></span> <span class='ocrx_word' id='word_1_240' title='bbox 239 2353 291 2395; x_wconf 88' lang='lat' dir='ltr'>Cum</span> <span class='ocrx_word' id='word_1_241' title='bbox 299 2355 327 2395; x_wconf 74' lang='lat' dir='ltr'>&#39;in</span> <span class='ocrx_word' id='word_1_242' title='bbox 342 2368 359 2395; x_wconf 90' lang='lat' dir='ltr'>c.</span> <span class='ocrx_word' id='word_1_243' title='bbox 373 2362 397 2407; x_wconf 82' lang='lat'>53</span> <span class='ocrx_word' id='word_1_244' title='bbox 413 2369 488 2395; x_wconf 90' lang='lat' dir='ltr'>nornen</span> <span class='ocrx_word' id='word_1_245' title='bbox 499 2355 587 2396; x_wconf 84' lang='lat' dir='ltr'>Messiae</span> <span class='ocrx_word' id='word_1_246' title='bbox 597 2368 634 2409; x_wconf 89' lang='lat' dir='ltr'>per</span> <span class='ocrx_word' id='word_1_247' title='bbox 644 2369 719 2396; x_wconf 89' lang='lat' dir='ltr'>nornen</span> 
     </span>
     <span class='ocr_line' id='line_1_32' title="bbox 58 2426 718 2482; baseline 0 -13"><span class='ocrx_word' id='word_1_248' title='bbox 58 2427 131 2470; x_wconf 84' lang='lat' dir='ltr'>Christi</span> <span class='ocrx_word' id='word_1_249' title='bbox 151 2426 271 2478; x_wconf 87' lang='lat' dir='ltr'>declaratur,</span> <span class='ocrx_word' id='word_1_250' title='bbox 292 2441 359 2469; x_wconf 83' lang='lat' dir='ltr'>rursus</span> <span class='ocrx_word' id='word_1_251' title='bbox 379 2440 464 2481; x_wconf 78' lang='lat' dir='ltr'>graccus</span> <span class='ocrx_word' id='word_1_252' title='bbox 484 2433 569 2482; x_wconf 89' lang='lat' dir='ltr'>apparet</span> <span class='ocrx_word' id='word_1_253' title='bbox 588 2426 718 2482; x_wconf 86' lang='lat' dir='ltr'>archetypus,</span> 
     </span>
    </p>
   </div>
   <div class='ocr_carea' id='block_1_4' title="bbox 90 2581 570 2627">
    <p class='ocr_par' dir='ltr' id='par_1_5' title="bbox 90 2581 570 2627">
     <span class='ocr_line' id='line_1_33' title="bbox 90 2581 570 2627; baseline 0 -11"><span class='ocrx_word' id='word_1_254' title='bbox 90 2582 93 2602; x_wconf 81' lang='lat'><strong>¹</strong></span> <span class='ocrx_word' id='word_1_255' title='bbox 105 2584 155 2616; x_wconf 88' lang='lat' dir='ltr'>Liber</span> <span class='ocrx_word' id='word_1_256' title='bbox 167 2582 270 2627; x_wconf 89' lang='lat' dir='ltr'>epistolarum</span> <span class='ocrx_word' id='word_1_257' title='bbox 283 2581 339 2626; x_wconf 78' lang='lat' dir='ltr'>[arm.],</span> <span class='ocrx_word' id='word_1_258' title='bbox 352 2584 399 2616; x_wconf 80' lang='lat' dir='ltr'>&#39;lillis</span> <span class='ocrx_word' id='word_1_259' title='bbox 414 2592 461 2623; x_wconf 75' lang='lat'>1901,</span> <span class='ocrx_word' id='word_1_260' title='bbox 475 2584 570 2625; x_wconf 80' lang='lat'>413-482.</span> 
     </span>
    </p>
   </div>
   <div class='ocr_carea' id='block_1_5' title="bbox 0 0 815 2792">
    <p class='ocr_par' dir='ltr' id='par_1_6' title="bbox 0 0 815 2792">
     <span class='ocr_line' id='line_1_34' title="bbox 0 0 815 2792; baseline 0 0"><span class='ocrx_word' id='word_1_261' title='bbox 0 0 815 2792; x_wconf 95' lang='lat' dir='ltr'> </span> 
     </span>
    </p>
   </div>
  </div>
 </body>
</html>
