1606 2792
69 174 90 216 98
171 174 209 207 Pars
219 174 240 206 ΙΙ,
254 172 315 205 Divina
327 173 412 206 auctoritas
421 158 483 206 Christi
492 172 585 206 mediatoris
597 177 627 207 etc.
662 193 667 200 ·

69 283 203 325 humilitatem
223 288 243 324 et
262 282 371 324 vilitatem¹¹
390 283 482 337 corporis
499 284 542 323 eius
557 297 594 337 per
611 283 727 332 «umbram»

69 356 179 412 significat,
200 355 257 410 quod
277 356 383 411 quomodo
403 356 521 398 obscuratio
541 356 601 398 etiam
621 369 729 410 corporum

70 436 184 472 erectorum
199 434 220 470 et
234 430 331 471 stantium
346 430 398 471 haec
412 431 432 471 io
443 435 495 471 terra
510 435 541 470 est
556 435 577 470 et
592 428 729 480 conculcatur,

69 503 97 544 ita
112 510 132 544 et
147 515 222 557 corpus
232 500 306 544 Christi
321 503 341 543 in
352 508 404 543 terra
414 502 528 557 proiectum
540 502 674 544 cruciatibust
684 515 730 543 con-

70 576 171 617 culcatum
193 581 224 617 est
244 576 354 618 nimirum?
387 576 414 617 Et
435 574 540 617 umbramd
561 589 635 630 corpus
657 574 731 617 Christi

70 648 186 704 appellavit,
202 649 255 690 sicut
269 654 423 704 tegumentume
438 647 515 690 factum
530 647 616 704 Spiritus
632 647 696 703 gloria
711 653 732 688 et

28 759 30 761 .
70 723 176 765 occultans
191 721 254 764 cums.
276 720 318 764 Sed
333 723 394 764 etiam
410 722 473 764 semel
484 723 598 777 iterumque
611 737 659 765 cum
669 728 731 764 trans-

70 795 107 837 iret
122 794 234 846 Dominus,
255 794 364 850 ponebant
379 795 399 838 io
417 794 563 850 multiplicibus
581 784 657 837 morbis
677 808 731 836 com-

70 868 183 924 prehensos
197 881 257 911 secus
266 868 327 921 aiam,
344 874 364 911 et
379 882 441 924 super
455 882 507 924 quos
517 868 649 924 perveniebat
660 867 732 911 umbra

71 941 120 993 eius,
136 941 286 983 salvabantur1.

100 1024 132 1069 72.
148 1009 178 1057 Et
190 1015 263 1056 iterum
278 1014 347 1056 idemg
361 1014 462 1069 propheta
478 1015 504 1055 de
519 1014 643 1056 cruciatibus
659 1013 732 1055 Christi

70 1088 98 1128 ita
110 1085 181 1144 [dicitlt
200 1085 279 1129 «Eece-¹¹
290 1087 397 1141 quomodo
412 1088 477 1128 iustus
491 1088 587 1128 interierit
602 1101 668 1141 neque
681 1089 732 1141 quis-

71 1175 134 1216 quam
149 1161 247 1215 percipiat
262 1160 330 1202 corde.
356 1160 383 1202 Et
398 1159 434 1202 uiri
448 1157 504 1202 iustii
519 1159 582 1203 ablati
597 1166 649 1212 sunt,
665 1174 732 1214 neque

71 1235 179 1289 quisquam
198 1233 307 1287 intellegit¹
327 1233 388 1275 namk
404 1248 416 1275 a
432 1233 491 1275 facie¹
508 1234 618 1289 iniquitatis
637 1233 732 1276 collectio

71 1307 175 1350 iustorum.
200 1306 243 1348 Erit
254 1320 296 1362 pax
309 1305 413 1361 sepultura
428 1306 493 1357 eiust,
510 1306 590 1348 ablatus
605 1312 636 1348 est
651 1307 677 1347 de
693 1320 733 1347 me-

99 1543 106 1558 a
119 1539 190 1571 Verbum
202 1548 211 1570 e
224 1538 273 1571 verbo
286 1549 378 1581 expressum
390 1539 428 1573 erit:
446 1540 528 1572 «facilem»
543 1540 568 1573 vel
581 1541 634 1584 potius
649 1539 732 1573 «obviam»

71 1612 86 1633 v.
99 1611 148 1644 quare
160 1600 201 1632 TM:
217 1599 433 1634 Leichuerschmahbarleu
445 1599 472 1644 (t),
496 1601 567 1633 Armeoa
581 1612 612 1634 rrox
626 1612 700 1645 graecam
714 1600 733 1635 ol

73 1658 222 1707 εὐκαταφρόνητον
233 1660 291 1694 reddit
412 1659 413 1662 ’

100 1721 152 1754 bTM
166 1721 274 1764 «proiectum»
288 1733 323 1755 cum
336 1722 432 1755 cruciatibus
447 1723 530 1755 coniunxit
546 1728 562 1755 et
573 1722 628 1755 vertit:
646 1734 665 1754 zu
677 1723 733 1754 Boden

73 1782 143 1828 gefalleo
156 1782 206 1815 durch
220 1783 245 1815 die
257 1782 332 1822 Leideo„

101 1849 107 1864 ⁰
120 1844 161 1877 TM:
174 1844 269 1886 gleichsam,
338 1843 345 1863 ὖ
357 1845 376 1876 In
388 1845 509 1886 armenoalrud
522 1856 569 1888 quam
581 1856 629 1887 supra
641 1845 690 1878 subst.

101 1904 240 1937 ⁸Subslautivum
252 1916 334 1937 armenum
347 1904 390 1937 idem
402 1911 430 1945 est,
448 1906 492 1948 quod
503 1917 551 1949 supra
565 1905 639 1951 cumbra»
653 1905 734 1938 vertimus.

73 1964 106 1998 Sed
118 1970 142 1998 est
155 1965 168 1998 el
181 1965 229 1998 etiam
237 1966 302 2009 propria
311 1965 407 2009 significatio
417 1971 553 2010 «tegumentum»,
568 1977 600 2010 qua
608 1967 635 1999 hic
646 1967 734 2006 utebamur,

73 2030 91 2057 ut
102 2025 228 2059 uicissitudinem
241 2030 292 2059 textus
304 2027 364 2059 armeni
377 2026 479 2060 imitaremur¹

104 2084 166 2129 sQuae
181 2098 190 2120 a
204 2087 264 2120 «sicu»
278 2097 329 2130 usque
343 2098 398 2120 «eum»
412 2087 469 2128 habes,
481 2087 514 2119 Tul
529 2087 584 2120 uertit:
602 2086 735 2127 incursione,

73 2147 106 2180 dass
119 2149 147 2180 der
160 2146 205 2180 Geist
217 2147 245 2180 ihn
258 2147 286 2180 mit
297 2147 409 2181 Herrlichlreit
420 2148 511 2182 heschauet
522 2149 557 2180 und
568 2133 638 2181 verhtillt
650 2149 686 2188 hat;
699 2148 736 2180 vide

75 2208 207 2252 lRaodglossen»
221 2217 242 2250 29
253 2219 284 2251 sq.3
302 2215 341 2251 puto
357 2209 374 2240 iu
386 2220 445 2251 graeco
460 2208 499 2240 olim
513 2209 572 2241 lectum
587 2220 630 2241 esse:
648 2207 675 2241 καὶ
689 2207 736 2241 σκιὰν

74 2269 123 2310 σῶμα
135 2265 209 2313 Χριστοῦ
225 2267 312 2311 ὠνόμασεν
327 2267 366 2303 ὡσεὶ
381 2269 429 2315 σκευὴ
445 2268 534 2315 γενόμενον
548 2268 643 2312 πνεύματος
656 2266 697 2316 δόξῃ
709 2266 736 2302 καὶ

76 2328 152 2372 witigim
165 2328 212 2363 αὐτό.

103 2391 160 2423 tNou
172 2396 197 2422 est
208 2390 259 2422 isaiae
273 2390 302 2422 sed
315 2390 390 2423 Ieremias
402 2391 491 2434 prophetae
504 2391 564 2424 dictum
577 2390 626 2435 (forte
639 2397 674 2424 cum
686 2391 737 2424 uerbo

75 2450 168 2493 psalmistae
180 2450 245 2482 mixtum
251 2448 270 2493 l).
339 2448 347 2469 ¹¹
359 2450 391 2484 Tll
403 2463 434 2485 om.

105 2508 108 2530 ἰ
121 2512 162 2544 Tul:
175 2510 201 2543 dic
213 2511 305 2544 Frommeo,
374 2510 435 2545 ΚΤΜε
449 2513 487 2546 dail.
556 2512 560 2532 l
573 2514 614 2545 TM:
628 2512 695 2555 infolge.

100 2576 111 2592 ³¹¹
123 2573 142 2605 In
154 2583 222 2615 gracco:
239 2571 257 2604 ἐν
269 2571 325 2618 εἰρήνῃ
338 2571 348 2617 ἡ
361 2560 407 2618 sopp
420 2573 477 2607 αὐτοῦ,
498 2573 540 2606 Tul:
556 2574 571 2606 iu
585 2573 654 2606 Frieden
669 2573 708 2617 geht
720 2582 737 2605 er

74 2633 89 2664 io
102 2634 136 2665 sein
150 2632 199 2665 Grab.
