1606 2792
246 552 542 608 PROLEGOMENA.

118 703 132 744 Ι.
150 700 189 741 DE
204 698 224 742 S.
236 697 355 740 IRENAEI
371 695 470 738 OPERIS
486 693 675 745 TRADITIONE,

217 770 362 822 EDiTIONE,
378 765 576 812 VERSIONIBUS.

106 882 188 922 usebius
206 880 341 922 Caesariensis
357 881 377 921 in
396 877 642 938 Ecclesiasticahistoria
661 877 729 930 operis
779 918 781 920 ,

120 953 141 997 S.
152 954 229 996 Irenaei
245 954 370 995 mentionem
387 953 445 1003 iacit,
465 952 521 1007 quod
542 953 570 1002 εἷς
585 950 679 1012 ἐπίδειξιν
695 953 729 993 τοῦ

68 1028 197 1072 ornaverant
213 1027 339 1085 κηρύγματος
353 1028 472 1081 inscriptum
488 1039 533 1067 esse
548 1025 628 1067 videtur
642 1029 663 1066 et
677 1024 729 1066 Mar-

68 1100 125 1142 ciano
142 1100 223 1143 cuidam
239 1100 379 1142 dedicabatur.
402 1100 483 1141 Praeter
494 1099 546 1141 hanc
562 1099 706 1141 mentionemt
722 1104 730 1138 t

67 1173 195 1214 saeculorum
214 1186 272 1214 cursu
290 1171 339 1213 nihil
355 1185 437 1226 prorsus
455 1172 482 1213 de
497 1171 537 1214 hoc
557 1185 620 1226 opere
635 1171 730 1220 innotuit,

68 1244 136 1286 donec
155 1258 209 1305 anno
227 1255 279 1296 1902
301 1244 370 1286 folium
390 1245 517 1299 periodicum
537 1257 653 1293 armenum,
673 1243 730 1296 quod

70 1316 169 1358 «Ararat»
186 1316 307 1367 inscribitur,
322 1316 386 1358 verba
398 1317 500 1371 quaedam
515 1316 536 1357 in
546 1316 613 1358 iucem
624 1315 729 1370 proferret,

69 1403 121 1442 quae
136 1387 260 1443 Stephanus,
280 1387 361 1430 illustris
377 1387 516 1430 Armenorum
531 1389 593 1430 medii
608 1388 652 1431 aevi
667 1387 731 1445 phito-

68 1461 153 1517 sophus,
169 1461 273 1504 laudabat.
302 1461 324 1505 Si
339 1460 384 1516 quis'
399 1475 457 1516 spem
472 1463 560 1513 nutrivit,
578 1462 621 1503 fore
636 1469 658 1503 nt
672 1475 730 1516 opus,

69 1536 126 1588 quod
142 1535 210 1575 medio
225 1547 276 1576 aeuo
292 1535 347 1589 apud
361 1535 465 1577 Armenos
480 1535 547 1576 adhuc
563 1535 664 1586 exstabat,
680 1534 732 1577 inter

69 1609 176 1650 thesauros
191 1607 361 1650 bibliothecarum
380 1607 433 1649 iliius
447 1614 523 1658 terrae¹
544 1607 617 1649 saltem
635 1609 656 1649 in
673 1609 732 1650 inter-

1 1708 14 1733 χ
27 1707 28 1710 =
70 1680 184 1736 pretatione
199 1693 287 1731 armena,
303 1670 430 1734 reperiretur,
446 1681 504 1722 breui
516 1681 609 1735 apparuit
620 1694 667 1721 eum
677 1687 732 1723 recte

69 1752 162 1794 sensisse.
183 1750 237 1794 Nam
248 1757 296 1807 post
307 1752 359 1793 duos
371 1765 436 1794 annos
447 1752 539 1806 contigit,
556 1757 578 1793 nt
588 1751 693 1793 Armenus
703 1751 733 1793 vir

4 1857 6 1864 ,
70 1824 145 1866 doctus
161 1823 286 1866 celeberrimi
302 1825 419 1881 monasterii
434 1824 586 1867 Etschmiadzin
602 1826 628 1866 D.
640 1824 733 1880 Karapet

70 1894 111 1938 Ter
121 1895 256 1938 Mkrttschian
272 1896 429 1938 archimandrita
442 1897 494 1939 inter
507 1896 570 1939 libros
584 1897 682 1940 ecclesiae
692 1897 733 1939 Eri-

70 1969 175 2020 wanensis,
191 1983 243 2024 qnae
258 1969 398 2012 sanctissimae
412 1970 514 2026 Deiparae
530 1970 625 2013 dedicata
640 1978 677 2022 est,
693 1972 734 2013 hoc

71 2056 124 2098 opus
145 2043 165 2084 in
184 2056 291 2085 armenum
306 2041 425 2085 translatum
440 2043 545 2086 inueniret.
571 2044 598 2085 Et
614 2058 660 2085 cum
676 2044 734 2086 trien-

72 2116 129 2158 nium
147 2115 239 2170 elapsum
255 2123 319 2166 esset,
338 2116 358 2157 in
374 2116 479 2171 pubiicum
495 2122 564 2158 textus
579 2117 656 2158 armeni
671 2118 734 2159 editio
760 2133 762 2135 ·

71 2187 153 2242 prodiit,
169 2182 240 2229 addita
255 2188 422 2243 interpretatione
437 2201 540 2242 germana,
556 2189 674 2230 auctoribus
689 2189 735 2244 ipso

71 2260 207 2308 Mkrttschian
219 2265 240 2302 et
250 2259 277 2302 D.
288 2260 377 2302 Eruand
388 2260 430 2302 Ter
440 2261 570 2303 Minassiantz
582 2262 625 2302 eius
637 2262 736 2316 temporis

71 2331 215 2374 archidiacono
239 2333 356 2374 monasterii
379 2333 532 2375 Etschmiadzin
540 2334 553 2376 ¹.
586 2333 636 2375 Post
659 2348 735 2376 annum

102 2451 106 2473 ¹
118 2452 153 2486 Des
165 2452 236 2498 heiligen
244 2454 320 2487 irenaeus
330 2454 389 2487 Schrift
400 2466 437 2487 zum
445 2455 516 2488 Erweise
529 2455 557 2487 der
570 2454 736 2499 apostoiisehcn'Ver-

71 2513 177 2558 hundigung:
190 2513 214 2552 εἷς
226 2512 304 2553 ἐπίδειξιν
316 2516 347 2549 τοῦ
358 2513 469 2549 aromatizet
477 2514 590 2561 κηρύγματος,
603 2511 736 2548 inarmenischer

71 2573 140 2607 Version
158 2574 243 2616 entdecht,
262 2574 395 2619 herausgegeben
414 2575 448 2608 und
466 2575 491 2608 ins
507 2575 590 2609 Dentsche
607 2575 687 2609 ubersetzt
704 2587 736 2608 von

106 2637 160 2672 Weber,
170 2638 278 2667 Demonstratio.
627 2646 632 2668 t
