1606 2792
231 141 252 173 ll.
267 141 292 172 De
305 141 384 174 versionis
397 150 471 174 annenue
483 140 575 183 archetypo,
724 149 747 186 9,

44 268 46 271 ’
74 264 120 293 cum
135 250 155 291 in
170 256 228 292 textu
243 250 323 303 syriaco
338 263 414 292 nomen
424 250 511 291 hiessiae
526 263 568 291 non
583 256 650 303 egeat,
665 254 688 291 ut
700 262 733 291 no·

74 324 128 364 mine
143 321 218 364 Christi
232 320 348 365 iliustretur,
629 331 631 334 '

102 394 143 449 Qui
154 395 213 450 primi
223 395 263 437 hoc
278 399 331 451 opus
341 396 467 446 invenerunt,
484 396 544 438 etiam
556 408 567 436 e
578 401 676 451 tempore,
693 409 734 451 quo

74 470 94 509 in
109 453 213 510 armenum
227 482 310 510 uersum
320 469 363 519 fuit,
379 474 523 522 argumentum
533 483 570 523 pro
581 482 656 522 graeco
667 468 734 510 arche·

75 549 125 597 typo
146 542 250 596 petebant.
280 542 333 584 Nam
354 555 378 584 eo
399 549 492 596 ternpore
511 538 673 584 consuetudines¹¹
689 556 735 584 cum

75 614 158 656 Graecis
169 616 243 657 arctius
253 628 314 669 quarn
326 629 372 657 cnm
384 614 440 668 Syris
449 613 536 656 Armeni
549 614 668 668 iungebant
688 613 735 668 Opi·
754 603 755 606 Ἴ

75 687 176 729 nabantur
191 694 259 728 autem
273 687 314 728 hoc
330 701 383 742 opus
397 686 461 728 altero
473 687 557 728 dimidio
570 687 646 728 saeculi
655 687 737 741 septimi

75 774 95 814 p,
107 759 153 801 Chr.
165 759 185 800 in
200 773 304 801 armenam
315 760 405 813 linguam
416 759 535 801 translatum
548 773 598 809 esse,
615 773 661 800 curn
672 760 737 813 prima

76 832 96 875 S.
110 832 186 873 irenaei
205 832 315 874 uerborum
335 832 504 874 commemoratio
524 833 544 873 in
564 831 632 887 aliqua
651 831 737 888 epistula

76 907 194 960 dogmatica
204 906 330 961 reperiretur,
340 919 391 960 quae
399 906 470 948 isaaco
477 906 510 948 iii.
520 906 658 948 Armenorum
669 905 737 947 catho-

76 980 115 1022 lico
134 979 242 1021 tribuenda
262 986 325 1030 esset,
345 980 451 1034 primaque
469 980 490 1021 in
509 979 580 1021 litteris
598 979 737 1040 Armenorum

77 1053 152 1095 mentio
164 1052 184 1095 S.
196 1053 272 1094 irenaei
287 1052 307 1093 in
322 1052 408 1108 epistula
422 1052 529 1107 legeretur,
546 1067 599 1107 quae
614 1053 640 1094 ad
653 1054 737 1107 impera-

77 1132 142 1179 torem
158 1125 291 1167 Constantem
308 1125 436 1179 (om-668)
452 1125 606 1175 inscribebatur,
627 1139 689 1180 quarn
704 1124 738 1166 Se-

77 1199 128 1241 beos
143 1197 319 1253 historiographus
330 1198 434 1240 Armenus
450 1198 576 1241 conservarit
584 1199 597 1241 1.
621 1197 738 1253 Congruere

77 1272 124 1313 huic
140 1272 236 1325 opinioni,
253 1271 309 1324 quod
321 1270 361 1311 loci
376 1284 387 1311 e
398 1270 418 1312 S.
430 1272 506 1311 irenaei
517 1253 597 1324 scriptis
607 1270 739 1312 laudarentur

78 1344 104 1386 ad
121 1344 301 1386 demonstrandam
321 1343 532 1399 incorruptibilitatem
552 1344 643 1398 corporis
658 1342 738 1395 Christi,

78 1433 131 1472 quae
146 1416 183 1458 illis
198 1417 325 1471 temporibus
337 1418 389 1458 inter
399 1417 503 1458 Armenos
518 1419 538 1458 in
549 1417 690 1472 quaestionem
701 1418 739 1458 dis-

78 1489 265 1545 ceptationemque·
278 1495 390 1530 vocaretur.
427 1489 492 1531 Recte
513 1496 581 1531 autern
602 1488 739 1544 Conybeare2

78 1554 220 1605 animadvertit
239 1576 281 1603 non
298 1577 343 1603 esse
359 1562 465 1603 verisimile
481 1562 584 1604 Armenes
603 1570 688 1617 propter
707 1563 739 1604 ali·

78 1649 130 1689 quos
140 1634 198 1677 locos
212 1649 223 1676 e
233 1633 343 1689 scriptisS.
355 1634 433 1677 irenaei
443 1635 557 1677 laudandos
568 1641 612 1677 tota
624 1636 666 1678 eius
677 1650 740 1690 opera

78 1708 167 1749 uertisse.
198 1706 313 1749 Novissime
329 1708 355 1750 D.
367 1707 394 1749 H.
403 1707 495 1761 Jordan³
514 1708 553 1749 ianr
570 1709 635 1762 primo
656 1708 740 1750 dimidio

79 1779 154 1822 saeculi
164 1780 246 1834 septimi
256 1779 459 1822 Demonstrationem
472 1780 597 1835 apostolicae
608 1773 740 1835 praedicatio-

79 1854 109 1895 nis
124 1854 144 1895 in
159 1866 262 1894 arrnenam
278 1853 368 1907 linguam
385 1868 464 1895 uersam
479 1868 523 1895 esse
539 1855 639 1908 opinatur.
669 1852 741 1895 Certis-

79 1927 129 1968 sime
145 1932 288 1981 argumentum
300 1940 311 1967 e
321 1926 401 1968 silentio
412 1940 453 1968 non
464 1926 565 1981 prohibet,
582 1928 691 1981 quominus
697 1926 741 1968 ‘hoc

80 2014 131 2056 opus
150 1999 252 2055 prioribus
270 2000 397 2055 temporibus
416 2001 442 2042 ab
458 2000 555 2042 Armenis
569 2001 621 2042 inter
634 2000 742 2042 thesauros

33 2087 34 2090 ¹
80 2073 203 2114 litteraturae
222 2086 271 2114 suae
287 2074 378 2127 positum
397 2086 441 2114 esse
456 2079 523 2127 putes.
554 2071 623 2126 Quare
638 2072 707 2114 licebit
721 2073 742 2114 in

80 2146 199 2194 memoriam
215 2159 310 2187 revocare
325 2145 346 2188 S.
357 2145 463 2187 irenaeum
478 2146 498 2186 in
513 2159 549 2186 sua
562 2146 742 2186 Demonstratione

81 2232 98 2260 c.
112 2229 136 2259 12
151 2228 179 2269 40
195 2229 222 2271 44
237 2219 265 2269 46
280 2218 405 2272 argumentis
421 2219 459 2269 uti,
480 2232 532 2272 quae
548 2218 641 2273 quamuis
657 2217 696 2258 alio
712 2232 742 2258 or·

81 2292 128 2332 dine
143 2291 227 2345 aliisque
237 2292 322 2332 uocibus
333 2290 358 2331 ab
369 2291 434 2331 Eznik
444 2291 543 2344 scriptore
557 2291 633 2332 saeculi
643 2290 708 2346 quinti
722 2291 742 2332 in

112 2409 117 2430 ¹
129 2412 226 2456 Petersburg
240 2411 287 2453 1879,
303 2412 343 2445 126:
356 2411 377 2444 Et
385 2412 454 2446 Irr'enr'rs
462 2412 518 2445 Gallus
531 2412 619 2455 discipulus
631 2412 715 2456 Polycarpi
727 2412 743 2444 iu

83 2473 151 2506 ecclesia
163 2473 293 2506 Laodicensium

111 2532 117 2552 ²
129 2534 235 2566 Armeuische
243 2535 412 2576 Irenaeustragmente,
422 2535 490 2577 Leipzig
501 2543 547 2576 1913,
561 2535 590 2566 TU
598 2536 626 2575 iil,
636 2536 655 2567 R.
665 2534 679 2574 6,
688 2534 718 2566 Bri.
728 2542 742 2575 3,
782 2573 785 2579 Ι

82 2605 98 2637 p,
109 2594 140 2627 126
153 2602 191 2635 ²03>
261 2592 297 2627 lL.
311 2605 324 2628 c.
338 2607 353 2638 p.
366 2603 404 2636 203.
