1606 2792
117 595 195 627 Praefatio

358 678 535 713 PROLEGOMENA.

131 750 144 784 I.
157 751 183 783 De
196 748 212 783 S.
220 749 283 782 irenaei
295 749 348 793 operis
360 750 452 793 traditione,
465 751 536 784 editione
548 758 564 785 et
575 753 676 787 versionibus
706 781 709 787 .
769 764 776 787 Ι

124 811 145 843 ΙΙ,
157 812 184 844 De
195 810 275 843 versionis
287 822 361 844 anneuae
373 811 460 855 archetypo
502 837 709 848 .....
768 822 777 859 5

116 871 145 904 hu
158 871 184 904 De
196 876 239 903 textu
251 872 306 913 operis
318 871 377 903 tradito
400 898 708 908 .......
758 885 778 908 10

116 932 144 966 IV.
157 933 183 965 De
195 931 249 975 operis
261 931 316 965 indole
329 938 344 964 et
357 931 388 964 fine
399 958 709 969 .......
759 945 778 978 13

171 1034 352 1068 DEMONSTRATIO
366 1026 521 1068 APOSTOLIC‘AE
533 1035 733 1070 PRAEDICATIONIS-

346 1095 430 1128 LATINE
442 1095 549 1129 REDDlTAr

150 1170 294 1202 Commentarius
307 1170 329 1203 de
340 1169 446 1202 veritatibus
458 1170 624 1202 fundamentalibus
636 1171 659 1202 ad
671 1171 746 1203 demon-

152 1257 154 1260 ,
188 1224 294 1256 strationem
306 1223 417 1266 apostolicae
429 1223 569 1265 praedicationis
581 1224 708 1258 servientibus.

116 1295 221 1329 introductio.
246 1296 292 1337 Quae
304 1300 385 1328 auctorem
398 1296 418 1328 ad
430 1306 471 1340 opus
483 1296 587 1328 scribendum
599 1296 709 1338 impulerint.
758 1302 777 1338 25

117 1361 155 1393 Pars
167 1362 180 1394 Ι.
204 1361 230 1393 De
246 1361 326 1404 religione
338 1361 393 1395 divina
410 1361 510 1395 institutione
525 1362 578 1405 posita
595 1361 660 1405 eiusque
675 1372 711 1394 eum

139 1421 171 1455 fide
184 1421 269 1456 christiana
282 1421 368 1456 eoncordia
400 1447 607 1456 .....
626 1461 628 1465 y
656 1447 659 1455 .
707 1448 710 1456 r
731 1410 733 1412 ¹
758 1432 779 1465 29

162 1481 216 1515 Sestio
227 1482 240 1514 I.
264 1482 339 1514 Fundata
350 1494 398 1525 super
410 1484 483 1515 notitiam
495 1483 527 1515 Dei
539 1484 619 1516 creatione
634 1488 650 1515 et
661 1484 711 1526 gratia

184 1541 243 1584 religio
323 1553 326 1558 ’
758 1553 779 1586 29

162 1602 216 1637 Sectlo
224 1603 245 1637 Il.
264 1603 329 1648 Religio
342 1603 396 1636 diviua
408 1604 511 1637 miseratione
522 1605 615 1637 restituitur.
632 1604 712 1647 Redemp-

184 1665 233 1698 tionis
241 1665 343 1708 praeparatio
355 1660 418 1698 seriata
431 1665 447 1697 in
460 1664 551 1697 miserando
564 1650 619 1697 eontra
631 1669 712 1697 creaturae

184 1724 261 1757 malitiam
273 1725 305 1757 Dei
318 1725 378 1758 iustitia
400 1750 403 1756 .
451 1751 455 1757 .
503 1750 506 1757 ,
553 1733 557 1757 ’.
605 1749 608 1756 .
655 1750 659 1757 .
707 1750 710 1757 .

161 1783 215 1818 Sectio
223 1784 252 1817 Ill.
272 1784 337 1829 Religio
349 1785 387 1816 lesu
395 1784 455 1817 Christi
463 1784 500 1816 Filii
508 1784 540 1816 Dei
553 1785 665 1827 redemptione
677 1795 712 1828 per-

183 1846 230 1878 fecta.
255 1845 377 1889 Redemptionis
389 1845 426 1878 idea
438 1851 454 1878 et
466 1846 526 1877 factum
555 1871 558 1878 ‚
606 1871 609 1878 .
657 1870 660 1878 .
708 1871 711 1878 .

115 1912 154 1944 Pars
166 1912 186 1946 Π.
210 1911 271 1945 Divina
286 1912 372 1945 auctoritas
386 1912 446 1945 Christi
459 1911 551 1944 mediatoris
566 1919 582 1944 et
594 1911 677 1954 religionis
690 1923 712 1944 re·

138 1972 230 2006 stauratoris
242 1973 325 2015 probaturi
346 1972 427 2016 Principia
451 1996 711 2005 ......

161 2032 214 2066 Sestio
226 2034 239 2066 I.
259 2034 285 2067 De
294 2033 355 2067 Christi
367 2033 506 2076 praeeminentia,
519 2033 553 2065 eius
566 2032 583 2065 in
591 2032 650 2064 Vetere
657 2032 671 2064 T
672 2037 712 2065 esta-

183 2100 237 2127 mento
250 2095 349 2137 operatione,
363 2105 404 2137 quae
416 2093 535 2137 praefigurabat
547 2094 599 2126 futura
657 2117 660 2125 .
708 2117 711 2125 .

161 2154 214 2187 Sectio
222 2155 243 2186 Π.
257 2155 343 2195 Quomodo
352 2154 448 2197 prophetiae
453 2154 621 2186 VeterisTestameuti
629 2154 645 2185 in
653 2153 713 2185 Christi

183 2213 221 2255 vita,
234 2214 315 2257 operibus,
328 2214 408 2257 passione>¹
416 2214 539 2248 'resurrectione
551 2213 627 2258 impletae
639 2213 670 2246 siut
706 2238 709 2246 .

162 2274 214 2308 Sectio
222 2274 251 2307 ill.
266 2274 363 2317 Prophetiae
368 2275 432 2308 Veteris
437 2275 536 2308 Testamenti
545 2274 627 2318 quomodo
636 2273 712 2317 impletae

184 2334 244 2366 sintin
256 2335 330 2367 Ecclesia
342 2335 433 2376 christianay
445 2345 497 2378 regno
510 2321 571 2366 Christi
604 2358 607 2365 .
655 2358 658 2365 .
707 2357 710 2364 r

117 2399 203 2433 Conclusio
212 2400 271 2443 operis.
283 2400 384 2433 Adhortatur
392 2401 534 2441 auetorlectorem‚
543 2407 561 2432 ut
569 2387 657 2433 secundum
664 2399 712 2431 fidem

138 2461 185 2502 vivat,
198 2460 218 2492 ab
231 2461 324 2494 haeresibus
335 2473 373 2494 vero
386 2462 440 2505 impiis
452 2469 468 2495 et
480 2462 532 2495 stultis
545 2462 615 2495 declinet
656 2486 659 2493 .
708 2484 711 2492 r

115 2521 166 2555 ludex
178 2521 290 2564 alphabeticus
