1606 2792
69 152 90 187 50
126 137 128 141 ’
177 144 215 176 Pars
227 144 239 177 l.
254 144 280 176 De
292 143 372 187 religione
384 143 438 176 divina
449 138 550 177 institutione
562 144 619 186 posita

68 259 148 308 septem
163 252 262 304 nationes,
278 252 382 307 generatio
394 251 471 304 Chami,
488 253 549 294 etiam
560 250 590 310 [ei]
603 253 697 308 apparuit
709 252 729 293 in

69 326 145 369 visione
160 327 218 368 Deus
233 332 254 367 et
269 325 343 368 dixit1:
363 325 422 368 «Tibi
437 325 492 368 dabo
508 331 581 368 terram
597 326 650 369 hanc
665 333 686 368 et
700 340 729 367 se·

69 398 117 440 mini
128 405 164 441 tuo
175 404 223 453 post
233 405 253 440 te
262 399 283 439 in
293 396 438 452 sempiternam
448 399 610 453 possessionem»
618 405 630 450 ³,
646 404 666 440 et
676 397 730 440 lierih

69 484 139 513 semen
159 472 201 513 eius
215 471 319 525 hospitem
333 472 353 513 in
368 477 421 512 terra
436 485 477 513 non
492 472 543 513 sua2
563 478 583 513 et
599 472 689 526 torqueri
703 469 730 511 ibi

70 544 123 585 mala
138 544 235 598 patiendo
255 550 276 585 et
293 545 400 586 serviendo
415 557 480 586 annos
495 545 656 599 quadringentos
675 544 730 587 etin

70 623 142 673 quarta
156 610 368 673 generationeredire
382 618 402 659 in
413 617 482 659 locum
492 619 615 672 promissum
626 617 730 668 Abrahae,

70 697 90 732 et
109 691 206 733 iudicauit
221 685 279 732 Deus
298 690 397 746 populum
413 690 476 742 illum,
497 692 570 745 quiin
585 692 731 733 servitudinem

71 765 150 819 redegit
169 779 240 807 semen
261 766 309 807 eius.
344 766 371 807 Et
390 771 423 806 ut⁰
443 779 490 807 cum
509 758 651 807 multitudiness
670 765 732 807 etiam

71 837 156 890 gloriam
171 838 202 878 sui
217 838 299 878 seminis
313 838 373 878 sciret
388 837 513 887 Abraham„
525 837 597 878 eduxit
612 830 658 878 eum
674 838 731 878 Deus

71 902 124 951 foras
144 914 205 952 nocte
226 917 247 951 et
266 909 317 951 dixit
337 909 365 951 ei:
388 908 486 963 «Suspice
505 909 525 949 in
545 908 625 951 caelum
646 915 667 950 et
684 909 731 951 vide

66 983 145 1035 stellas,
163 980 226 1038 [qliae]
237 977 263 1023 in
278 981 336 1024 caelo
353 979 418 1038 [suntl
437 982 453 1023 si
469 983 520 1023 forte
535 983 611 1044 poteris
626 975 732 1024 numerare

71 1063 115 1107 e'as;
136 1056 165 1096 sic
184 1056 221 1095 erit
240 1054 310 1095 semen
326 1055 418 1096 tuum.»3
446 1055 534 1096 Etcum
551 1056 694 1096 certitudinem
712 1062 732 1096 et

71 1115 193 1170 firmitatem*
202 1127 283 1182 spiritus
298 1128 340 1169 eius
355 1127 439 1169 vidisset
449 1127 511 1178 Deus¹
528 1133 614 1170 testatus
626 1134 657 1170 est
667 1127 686 1170 ei
696 1141 733 1182 per

71 1194 169 1255 Spiritum
185 1199 283 1242 Sanctum
303 1201 392 1254 dicendo
411 1201 431 1241 in
446 1198 565 1254 Scripturis:
588 1200 627 1242 «Et
647 1200 733 1241 credidit

72 1267 185 1325 Abraham,
201 1280 222 1315 et
237 1280 352 1328 reputatum
363 1279 400 1316 'est
414 1273 441 1316 illi
456 1274 483 1315 ad
498 1273 629 1316 iustitiamil
647 1273 675 1315 Et
690 1279 733 1315 erat

71 1347 229 1396 incircumcisus,
246 1342 292 1388 cuin
308 1340 447 1388 testimouium
461 1347 569 1400 acciperet.
597 1346 624 1388 Et
640 1352 662 1387 ut
677 1360 733 1401 prae-

71 1421 145 1462 stantia
153 1419 201 1462 fidei
211 1421 254 1461 eius
263 1433 299 1473 per
307 1420 388 1474 signum
398 1419 471 1461 certior
478 1419 542 1470 fieret,
554 1418 610 1461 dedit
621 1420 639 1460 ei
650 1419 733 1461 circum-

72 1494 175 1543 cisionem,
191 1493 277 1534 iustitiae
294 1490 335 1548 [seu
351 1490 505 1548 praestantiae]e
520 1491 608 1546 sigillum
620 1492 668 1533 fidei
683 1493 732 1543 eius,

103 1623 402 1668 1(ὶ1112,7(.>);13,15;17,8.
472 1622 623 1668 ²Gnr5,135q.
646 1625 677 1658 Act
691 1633 704 1667 7y
718 1626 732 1658 6.

65 1727 67 1729 ι
102 1686 215 1727 3(ὶ1115,5.
239 1686 281 1718 Rom
293 1694 308 1726 4,
324 1694 348 1726 19,
418 1684 531 1728 4611156,
556 1686 598 1718 Rom
610 1695 625 1726 4,
639 1695 654 1728 3.
694 1698 695 1701 ¹
737 1681 739 1685 ¹

101 1812 161 1844 aTltl:
174 1810 265 1843 Erbschaftr
333 1809 386 1842 b'l‘M
393 1823 395 1843 ι
409 1811 471 1854 danach
484 1810 545 1843 hielten
557 1811 591 1844 sich
604 1812 635 1844 auf.

101 1878 108 1892 0
120 1872 160 1905 Tit:
174 1871 236 1905 sowohl
249 1897 251 1904 .
262 1896 264 1903 ,
275 1896 278 1902 t
291 1871 314 1903 als
326 1872 371 1904 auehi

102 1930 162 1964 l'sll:
176 1932 204 1963 das
216 1930 297 1964 zahlreieh
309 1932 380 1972 werdeny
393 1932 437 1975 quod
449 1931 466 1963 in
479 1942 544 1964 armeno
557 1943 590 1964 non
602 1914 675 1964 habetur.

102 1992 179 2025 “Tentus
196 2002 270 2024 armenus
282 1992 308 2024 hie
325 1998 409 2036 corruptus
425 2002 460 2024 esse
472 1992 539 2032 videtur¹
557 1992 634 2024 comsit:
652 1992 735 2024 incircum-

73 2055 138 2087 cisionis
150 2052 184 2097 [sen
197 2052 283 2098 praeputii]
295 2053 366 2096 sigillum
378 2052 416 2085 fidei
429 2053 467 2095 eius,
481 2053 536 2097 quiin
548 2052 688 2086 incircurncisidne
699 2050 736 2095 (sen

73 2113 172 2157 praeputio).
196 2115 232 2157 Ego
244 2114 316 2147 transtuli
329 2115 417 2147 secundum
431 2114 565 2154 emendationem,
583 2125 630 2158 quam
642 2114 659 2145 in
673 2114 735 2146 «Rand-

74 2175 148 2219 glossen»
160 2173 246 2219 (Katholilr
257 2182 299 2216 1914
307 2172 323 2218 Ι)
332 2174 405 2218 probavi,
418 2185 454 2208 cum
462 2174 499 2208 loco
511 2185 586 2208 ormenae
598 2175 642 2208 vocis
652 2174 735 2218 anthlplia-

75 2242 129 2269 tutean
141 2247 197 2270 vocem
209 2236 315 2269 ardaruthean
328 2234 379 2280 (Rom
389 2246 403 2277 4,
415 2246 432 2269 11
446 2237 472 2270 nel
484 2234 614 2279 arraveluthean)
627 2236 736 2280 dittographia

74 2297 114 2330 falsa
125 2302 186 2330 remota
198 2297 290 2340 ponendam
303 2307 337 2329 esse
350 2297 430 2331 (lucerern.
447 2297 480 2329 TM
492 2296 580 2330 transtulit:
593 2307 629 2329 zum
641 2296 696 2340 Siegel
708 2297 736 2330 des

75 2356 158 2390 Glaubens
170 2357 199 2389 der
210 2357 374 2389 Unbesclmittenheit
387 2358 449 2397 dessen,
463 2356 492 2388 der
504 2350 520 2388 id
533 2358 562 2389 der
573 2356 737 2389 Unbeschnittenheit

74 2406 117 2459 ivan
125 2418 199 2462 neglecta
210 2417 288 2449 relatione
300 2417 341 2449 inter
353 2418 403 2450 verba
414 2416 430 2450 S.
439 2416 502 2449 irenaei
514 2424 531 2450 et
544 2416 560 2449 St
569 2416 614 2449 Pauli
626 2416 647 2449 ad
654 2417 737 2449 Romanos

75 2486 90 2518 4,
105 2487 130 2510 11.
153 2478 186 2509 ΤΜ
198 2477 260 2510 uidetur
272 2478 319 2510 etiam
332 2477 385 2511 verbis
398 2478 466 2510 armenis
478 2478 510 2510 vim
522 2478 585 2519 inferre,
599 2489 635 2510 cum
647 2477 670 2509 ibi
682 2488 736 2510 secun-

75 2539 112 2572 dum
125 2539 197 2572 ordinem
209 2538 295 2571 verborum
307 2539 396 2582 genitivum
408 2539 475 2571 havatoz
488 2536 541 2581 (fidei)
555 2549 590 2571 cum
603 2537 675 2581 genitivo
688 2537 737 2570 antel-

74 2601 161 2642 patuthean
171 2597 267 2642 (praeputii)
280 2610 313 2631 non
326 2600 342 2631 in
355 2599 449 2631 relationem
458 2599 576 2641 dependendae
584 2599 624 2641 poni
633 2608 680 2640 posse
689 2599 737 2630 mani-
