1606 2792
70 111 89 143 18
274 95 275 98 Ἴ
298 112 304 124 ’
339 108 461 153 Prolegomena.

69 217 203 260 declarandas
218 231 258 258 non
274 217 359 271 suscipit
373 217 459 273 solaque
473 232 498 259 ea
512 219 615 272 proponit,
636 233 689 273 quae
704 219 730 260 ad

68 291 130 332 finem
146 290 289 344 attingendum
304 291 418 332 necessaria
428 296 481 332 sunt.
502 289 554 331 Cum
565 290 585 331 id
596 291 616 331 in
627 291 731 346 scriptoris

69 363 137 405 animo
152 363 231 414 fuisset,
251 363 270 403 in
286 364 353 417 capite
369 363 434 417 primo
450 363 569 418 promittere
584 365 652 418 potuit
666 379 688 405 se
703 365 731 404 ita

69 449 278 492 processurnmesse,
294 442 317 478 ut
332 434 397 478 lector
412 436 482 492 paucis
497 434 561 478 multa
576 432 699 492 assequatur
711 442 731 478 et

70 511 138 552 omnia
154 509 245 564 corporis
261 509 350 551 ueritatis
365 510 458 551 membra
473 510 549 564 exiguo
565 517 638 552 noscat
648 511 731 552 demon-

69 583 219 637 strationesque
237 596 304 624 rerum
319 582 432 624 divinarum
447 583 504 625 breui
519 578 623 625 faciendas
638 584 730 639 accipiat.
777 593 779 595 ·

70 655 170 710 Congruit
185 657 262 710 optime
273 655 320 697 huic
336 655 404 696 animo
420 656 476 710 quod
488 656 582 697 irenaeus
593 656 651 698 dicit:
671 663 732 697 «tam-

70 742 132 783 quam
148 727 277 783 principalius
297 728 465 769 commentarium
486 728 584 769 mittimus
599 728 636 769 tibi
653 725 732 784 llibrum

70 799 142 858 huncl,
162 807 185 843 ut
200 801 258 855 quasi
273 800 344 855 paucis
361 799 472 843 multorum
489 800 525 843 fias
540 801 654 855 particeps»
667 800 692 855 (c,
707 802 731 854 1),
762 820 764 822 ·

71 875 126 915 etin
141 888 158 916 c.
172 881 196 926 52
213 873 282 915 denuo
298 872 398 927 explicat:
419 872 470 915 Cum
487 873 612 927 impossihile
627 874 652 915 sit
667 881 732 916 totam

71 946 196 1002 Scripturam
212 945 296 989 Sacram
312 947 383 988 ordine
398 947 420 989 z'rr
435 946 571 989 resalutatur
587 947 686 1002 prolerre„
707 961 733 989 ex

71 1021 102 1062 his
121 1021 182 1063 etiam
203 1019 241 1061 alia
257 1020 281 1061 iis
300 1020 390 1061 similiter
405 1021 498 1061 sonantia
513 1035 558 1061 esse
573 1021 677 1062 noscenda
692 1019 733 1061 fide

72 1092 145 1135 Christi
169 1100 189 1134 et
210 1094 302 1135 oratione
324 1094 350 1134 ad
372 1094 439 1135 Deum
461 1081 535 1144 ducto,
558 1095 593 1149 qui
613 1094 733 1148 sapientiam

72 1165 93 1208 et
114 1166 239 1209 intellectum
262 1173 352 1221 praestet
377 1167 403 1208 ad
426 1166 565 1221 intellegenda
587 1163 733 1221 prophetarum

72 1241 133 1283 dicta.
158 1239 247 1282 Accedit
262 1240 319 1294 quod
334 1240 354 1281 in
373 1239 462 1294 capitulo
478 1240 537 1281 tertio
553 1240 640 1281 affirmat
651 1240 733 1281 demon·

72 1314 190 1354 strationem
211 1327 233 1353 se
254 1311 350 1367 prosequi
371 1313 449 1353 ratione
469 1312 555 1354 naturali
574 1311 733 1367 intellegendam

73 1385 152 1427 dicens:
170 1384 205 1426 Ad
221 1384 284 1426 fidem
300 1385 357 1427 ducit
371 1385 451 1436 veritas,
467 1386 541 1427 etenim
558 1385 610 1426 fides
625 1385 676 1435 veris
692 1384 734 1426 niti-

74 1466 107 1499 tur
123 1459 186 1500 factis.

101 1531 192 1573 Tantum
207 1531 267 1585 igitur
282 1531 341 1573 abest
355 1537 384 1582 ut,
403 1546 456 1586 quae
471 1531 566 1573 irenaeus
581 1531 656 1572 in'hoc
672 1544 735 1585 opere

73 1604 142 1657 tacuit,
159 1620 170 1647 a
180 1603 221 1646 fide
236 1603 288 1646 illius
298 1605 396 1660 temporis
412 1603 477 1646 aliena
487 1618 531 1646 esse
542 1604 604 1656 dicas,
620 1610 643 1646 ut
653 1604 678 1646 ad
690 1603 734 1655 alia,

74 1678 100 1719 de
116 1677 246 1733 quibus'non
262 1678 365 1728 disseruit,
386 1678 536 1732 praesumenda
554 1678 596 1719 eius
611 1673 736 1731 argumentis

74 1751 188 1792 adducaris.
209 1750 290 1792 Revera
305 1751 400 1805 numquis
415 1764 468 1805 opus
480 1750 604 1792 catechesim
614 1751 678 1792 totius
688 1750 736 1792 fidei
777 1771 779 1773 ·

74 1821 178 1866 declarare
188 1823 278 1875 audebit,
289 1824 348 1878 quod
358 1824 427 1865 omnia
437 1824 579 1878 praetermittit
590 1837 669 1874 arca-na,
683 1837 736 1878 quae

74 1894 149 1938 Christi
164 1895 256 1938 Ecclesia
275 1904 296 1938 et
311 1895 385 1939 Sacrae
400 1895 518 1951 Scripturae
537 1895 634 1938 revelatio
653 1897 679 1937 de
695 1897 737 1938 uita

74 1976 123 2023 post
138 1975 225 2011 mortem
242 1970 308 2011 futura
323 1969 425 2020 revelavit,
442 1970 541 2023 quodque
557 1970 583 2010 de
594 1970 666 2011 decem
682 1983 736 2011 man-

75 2041 128 2084 datis
145 2055 157 2085 a
175 2041 340 2085 christifidelibus
355 2042 461 2093 faciendis,
482 2042 508 2084 de
528 2042 605 2084 ratione
623 2049 679 2085 recte
694 2057 737 2098 pre·
778 2063 779 2066 ¹

75 2116 145 2166 candi,
166 2116 192 2156 de
210 2116 274 2157 modo
290 2129 331 2170 quo
347 2114 374 2156 illi
389 2116 521 2157 sacramentis
536 2115 655 2170 praesertim
671 2116 737 2170 paeni·

75 2188 151 2230 tentiae
166 2194 186 2230 et
199 2189 332 2230 eucharistiae
343 2188 446 2230 muniendi
457 2188 502 2239 sint,
515 2201 585 2243 paene
600 2187 648 2229 nihil
663 2187 738 2230 habeti

76 2260 136 2314 Quae
147 2276 192 2304 curn
204 2261 351 2312 desiderentur,
368 2275 420 2315 opus
436 2276 460 2302 eo
471 2262 538 2302 minus
551 2261 663 2303 catechesis
673 2262 699 2302 de
710 2275 737 2301 re·

76 2334 151 2387 ligione
170 2334 277 2376 christiana
298 2348 309 2376 a
327 2334 422 2376 fidelibus
442 2334 558 2376 exercenda
575 2334 646 2376 haberi
662 2340 737 2388 potest,
792 2385 795 2388 Ι

77 2420 124 2448 cum
134 2406 248 2449 Ecclesiam
258 2407 389 2449 sacramentis
400 2407 429 2448 uti
440 2407 553 2461 ordineque
562 2405 687 2448 hierarchico
696 2405 738 2460 pol-

77 2480 117 2521 lere
128 2481 238 2522 certissime
254 2494 280 2534 ex
291 2480 325 2521 illo
336 2487 438 2534 appareat.
459 2480 531 2534 ltaque
543 2494 554 2521 a
564 2494 613 2521 vero
623 2485 669 2521 toto
680 2478 738 2520 caelo

76 2554 170 2595 aberrare
185 2553 333 2603 dicendi's'unt,
342 2554 384 2607 qui
395 2568 424 2604 ea,
441 2554 524 2608 quaein
535 2553 575 2594 hoc
586 2551 686 2607 opusculo
697 2565 737 2593 non
