1606 2792
190 127 229 159 Pars
240 127 253 160 I.
268 126 294 159 De
305 124 383 168 religione
396 124 450 157 divina
462 122 563 155 institutione
575 122 632 166 posita.
721 129 741 159 29

81 235 147 277 subici
166 241 187 276 et
205 234 309 276 subiectos
328 232 367 274 sub
386 247 408 274 se
428 245 499 284 omnes
515 245 563 272 eum
578 230 662 279 iacere-¹,
682 226 743 269 namh

82 322 123 349 non
138 306 171 349 aiii
186 305 246 349 alicui
260 306 347 361 imperat
362 312 382 346 et
397 305 514 352 dominatur
528 303 592 353 Deus,
608 302 644 343 sed
660 301 707 351 suis,
723 307 744 340 et

26 383 27 387 ’
80 386 129 421 sunt
148 380 216 422 omnia
234 380 274 421 Dei
282 380 294 419 1<
330 378 357 419 Et
376 385 485 432 propterea
505 373 674 431 omnipotentem
684 377 744 436 *esse0

21 444 22 447 Ἴ
82 453 151 495 Deum
167 459 187 495 et
202 453 270 494 omnia
286 451 384 507 (prorsus)
400 466 412 493 a
427 451 479 493 Deo⁴

330 622 395 660 PARS
409 621 498 659 PRIMA*
549 638 550 642 ¹

84 704 124 747 De
136 703 261 759 religione
275 702 361 746 divina
373 701 532 746 institutione
542 701 627 757 posita
640 701 745 756 eiusque

191 787 251 821 cum
266 775 318 820 fide
334 775 474 820 christiana
490 774 638 819 concordia.

332 897 411 930 SECTio
424 897 498 946 PRIMA.

86 971 184 1011 Fundata
196 982 263 1021 super
275 969 372 1011 notitiam
383 970 423 1010 Dei
436 970 542 1011 creatione
555 975 577 1010 et
588 968 654 1019 gratia
667 967 746 1019 religio.

114 1092 133 1132 4.
150 1080 240 1122 Necesse
255 1080 308 1120 enim
324 1087 355 1121 est
365 1079 430 1121 factat
441 1094 452 1121 a
462 1093 537 1135 magna
547 1078 614 1134 aliqua
624 1092 686 1120 eausa
696 1079 747 1134 prin·

86 1150 162 1206 eipium
176 1151 239 1193 fiendi
254 1152 335 1202 habere,
352 1159 372 1193 et
387 1152 508 1206 principium
524 1153 614 1193 omnium
627 1151 695 1192 DeusE
710 1158 747 1193 est.

87 1222 190 1278 Quoniam
205 1238 246 1265 non
257 1224 304 1279 ipse
319 1224 385 1265 iactus
400 1232 430 1266 est
446 1224 472 1266 ab
484 1223 559 1279 aliquo,
576 1229 596 1265 et
611 1223 637 1265 ab
652 1224 697 1278 ipso
709 1223 748 1265 sac-

87 1302 130 1337 tum
151 1302 182 1338 est
201 1298 369 1351 unumquodque.
399 1296 427 1338 Et
446 1303 555 1351 propterea
571 1296 636 1351 primo
657 1297 749 1338 confiteri

88 1375 170 1424 oporiet
180 1369 209 1424 (et
220 1369 293 1423 decet),
310 1370 366 1425 quod
378 1384 430 1411 unus
441 1369 498 1410 Deus
510 1374 540 1411 est
549 1368 622 1421 Paterf,
635 1368 669 1424 qui
679 1383 749 1410 unum·

87 1443 186 1496 quodque
202 1443 249 1484 fecit
264 1450 285 1484 et
300 1444 412 1493 adornavit,
432 1450 453 1485 et
469 1443 516 1484 iecit
531 1457 572 1484 non
588 1456 624 1483 ens
639 1449 662 1483 ut
677 1447 748 1491 esset&

87 1520 107 1555 et
129 1515 292 1570 unumquodque
315 1515 436 1557 continensh
459 1514 515 1557 solus
538 1530 549 1557 a
571 1514 627 1557 nuiio
650 1515 749 1557 contineri

117 1646 122 1666 ¹
137 1648 190 1681 rCor.
201 1654 225 1690 15,
239 1649 308 1691 aosqq.v
327 1648 345 1680 Io
360 1657 373 1689 ι,
388 1657 402 1690 3.
426 1649 462 1691 Eph
476 1656 491 1689 4,
505 1649 519 1681 6.

116 1791 123 1805 i
135 1787 176 1819 Tm:
190 1787 216 1819 die
229 1787 262 1819 ihm
270 1787 384 1820 Untersteilten
397 1788 428 1819 alie
441 1788 473 1819 ihm
485 1786 513 1823 (zu
525 1786 587 1831 eigen)r
595 1787 669 1830 gemacht
680 1787 749 1820 werden.

117 1845 177 1880 iiii:
191 1848 245 1881 damit.
315 1848 366 1880 ι’ΤΜ
378 1848 449 1882 addens:
461 1848 495 1881 und
508 1848 540 1880 dass
552 1848 619 1882 distuli.
675 1862 676 1866 ¹
694 1852 697 1854 ’

116 1906 124 1927 <¹
136 1909 168 1940 TM
181 1908 263 1941 declinans
276 1895 285 1941 a
297 1915 349 1942 textu:
363 1909 398 1941 Wir
410 1909 512 1943 Genordene
524 1907 568 1950 (Nos
580 1906 633 1950 facti)

99 2012 101 2016 ἢ
117 1968 167 2000 eTM
183 1969 240 2002 ordine
257 1970 342 2003 verborum
357 1969 414 2002 relicto
430 1971 494 2002 «Densi
508 1981 591 2013 perperam
609 1969 697 2001 subiectum
715 1980 750 2013 pro.-

89 2029 174 2072 positionis
186 2030 246 2063 habere
258 2030 325 2066 videtur.
622 2034 624 2037 ’

115 2088 127 2138 -ῑκ
135 2090 168 2123 ΤΜ
180 2091 223 2124 hunc
235 2092 288 2125 iocum
300 2093 396 2126 transferens
411 2093 467 2126 iterum
481 2093 554 2125 ordinem
566 2091 652 2125 verborum
664 2097 717 2125 tentus
726 2101 751 2123 ar-

89 2153 131 2187 meni
143 2153 212 2196 reliquit
281 2156 318 2187 tIn
331 2164 405 2187 armeno:
418 2155 457 2187 tecit
469 2165 502 2186 non
515 2165 543 2186 ens
555 2155 576 2186 ad
589 2150 623 2195 (in)
636 2163 684 2186 esse·
708 2182 710 2185 ,
747 2181 749 2184 .

83 2206 85 2209 ’
118 2210 188 2246 hHisce
200 2214 253 2246 verbis
265 2215 296 2247 Dei
313 2215 410 2248 immensitas
427 2220 443 2248 et
455 2214 528 2247 absoluta
540 2213 667 2258 independeotia
679 2213 750 2254 docetur,

89 2284 126 2305 curn
142 2273 185 2309 nulli
199 2280 280 2306 creaturae
293 2275 404 2307 commetiatur
418 2280 434 2307 et
447 2275 523 2319 indigeat.
543 2276 576 2306 Tit
588 2274 605 2305 in
619 2274 690 2305 thtW»
704 2273 752 2313 vaide

90 2333 169 2369 editorem
180 2334 228 2367 huius
239 2335 277 2367 iibri
289 2336 377 2378 increpuitg
394 2336 492 2378 quieverint
507 2336 596 2369 «antanelii
611 2338 626 2367 ei
641 2338 704 2368 tantari
718 2345 752 2378 ger.-

90 2394 157 2431 manicis
171 2396 302 2433 «unermesslich»
318 2396 344 2430 vel
358 2397 465 2430 «unendlich»
480 2398 548 2441 aequale
562 2395 622 2429 habuit.
647 2396 679 2429 Sed
696 2396 752 2429 doctus

90 2456 175 2496 Armenusy
193 2466 228 2489 cum
242 2468 305 2490 sensnm
317 2457 363 2490 verbi
377 2459 483 2502 «untragharn
497 2457 549 2490 solum
560 2464 680 2501 propugnaret,
697 2467 753 2500 parum

90 2516 194 2553 attenditad
206 2517 261 2553 locum:
273 2519 353 2562 evangelii
366 2518 382 2551 S.
391 2519 456 2552 Ioannis
469 2525 539 2560 21,‘25,
557 2519 585 2551 ubi
600 2528 679 2561 graecum
690 2518 753 2562 χωρεῖν

91 2577 181 2610 armeniaeo
191 2578 253 2610 «tanei»
263 2580 362 2622 transfertur.
381 2579 430 2620 Quod
437 2580 504 2625 uerbum
513 2591 588 2623 graecum
600 2580 635 2612 sine
643 2578 753 2620 dubio'sig'ni-
773 2580 775 2584 ’
