1606 2792
72 121 93 145 ao
342 111 464 156 Prolegomena.

72 221 170 262 mandato
181 220 260 275 prolata
270 220 313 261 eius
323 220 386 262 verba
396 220 424 262 ita
433 221 561 276 interpretari
570 219 637 273 vellet,
654 224 676 262 ut
687 234 734 262 enm

72 293 131 333 unius
147 293 187 333 diei
201 292 339 334 hebdomadis
354 293 535 335 sanctificationem
551 294 571 334 in
585 307 649 348 regno
661 293 735 335 Christi

72 363 185 406 abolevisse
201 364 283 415 diceret,
299 365 361 406 etiam
376 365 464 407 absurde
479 366 546 407 dicere
561 373 679 419 cogeretur:
696 365 734 406 Ire

72 451 145 479 naeum
161 438 283 479 occisionem
295 438 389 490 hominis,
405 437 504 480 adulteria
520 445 540 479 et
556 438 735 481 fornicationeset

57 569 58 572 Ἴ
73 511 125 552 furta
135 510 189 552 licita
203 524 247 552 esse
259 510 359 564 docuisse,
376 509 429 567 quae
440 510 541 554 calumnia
551 512 655 567 ipsissimis
670 512 734 554 sancti

72 586 134 639 patris
149 584 217 626 verbis
233 589 391 638 retorqueretur.

101 657 160 699 Clara
175 657 266 712 cognitio
281 654 368 713 accepta
382 658 409 699 de
424 657 541 700 charactere
556 665 577 700 et
587 658 627 700 fine
638 657 735 714 apologe-

73 732 114 773 tico
134 745 145 772 a
165 745 181 773 c¹
198 742 224 782 42
245 744 310 785 usque
328 742 367 773 100
385 730 479 786 opusculi
494 730 594 787 perpetuo
614 738 695 774 servato
715 738 735 773 et

73 805 138 858 petito
153 817 195 844 non
211 803 328 853 destruitur,
349 817 396 844 cum
414 804 481 857 capita
496 804 640 858 praecedentia
655 818 735 858 percur-

73 876 141 917 rimus.
172 875 304 935 Quamquam
321 876 359 917 ista
378 876 469 930 Speciem
484 876 632 918 catecheticam
647 890 696 931 prae
713 889 736 917 se

74 950 149 999 lerunt,
171 962 218 990 cum
233 949 335 1002 quaedam
351 948 398 989 fidei
416 950 483 1002 capita
502 963 607 1003 exponere
621 950 734 999 videantur,

74 1030 142 1064 tamen
160 1020 303 1077 apologeticae
322 1022 394 1063 rationi
413 1022 495 1064 minime
515 1023 653 1073 adversantur,
672 1022 735 1063 immo

73 1109 122 1138 vero
138 1095 164 1137 ad
175 1094 326 1150 apologeticam
337 1096 480 1150 probationem
491 1102 614 1151 praeparant
629 1102 650 1137 et
660 1096 680 1137 in
688 1096 735 1137 'toto

74 1183 111 1210 suo
127 1169 198 1210 ordine
213 1167 239 1209 ab
254 1167 294 1209 hoc
310 1167 350 1209 fine
365 1175 469 1222 reguntur.
490 1169 571 1210 Etenim
588 1167 680 1210 oblivisci
695 1181 736 1209 non

74 1242 173 1283 debemus
192 1242 231 1283 iam
251 1242 272 1281 in
291 1240 322 1281 his
337 1241 429 1294 partibus
449 1241 502 1283 hanc
522 1242 621 1283 rationem
639 1254 736 1294 expresse

74 1327 119 1355 esse
140 1313 274 1363 declaratam,
297 1312 349 1355 sicut
371 1313 463 1367 superius
485 1316 590 1355 ostensum
611 1319 652 1364 est,
675 1314 736 1367 inque

74 1400 143 1429 earum
159 1385 287 1442 expositione
302 1384 359 1440 plura
375 1386 450 1428 omissa
470 1400 514 1429 esse
530 1386 662 1438 declaranda,
676 1399 736 1441 quae

39 1460 41 1464 ’
75 1459 93 1501 ei
108 1473 148 1501 non
165 1460 259 1500 omittere
274 1458 340 1510 licuit,
361 1460 397 1514 qui
410 1459 458 1501 fidei
473 1460 624 1515 expositionem
639 1460 736 1515 systema·

75 1534 135 1574 ticam
147 1533 240 1588 quamvis
250 1532 348 1586 exiguam
357 1532 455 1574 exhibere
465 1533 541 1575 studet.
558 1531 657 1574 Ordinem
667 1539 736 1574 autem

74 1607 152 1649 ratione
162 1606 292 1662 apologetica
303 1607 346 1661 regi
356 1612 400 1648 tum
410 1607 504 1660 reperies,
521 1620 567 1648 cum
577 1601 735 1661 investigaveris,

75 1694 128 1735 quae
146 1694 162 1723 s
174 1686 232 1735 pater
250 1679 282 1721 his
301 1679 393 1734 partibus
411 1679 512 1734 prioribus
531 1679 652 1722 disseruerit.
682 1679 735 1721 Nam

75 1752 187 1805 prodromo
198 1759 341 1792 consummato
351 1752 446 1792 irenaeus
462 1739 488 1793 de
499 1751 596 1793 relatione
606 1753 658 1793 inter
667 1752 736 1792 Deum

75 1824 209 1866 etthominem
225 1824 268 1878 agit
283 1824 366 1879 eiusque
377 1823 509 1866 fundamenta
524 1825 544 1875 in
559 1824 737 1865 rationehumana

75 1904 96 1938 et
111 1911 177 1938 rerum
192 1903 263 1937 natura
273 1896 340 1950 posita
355 1910 435 1938 necnon
451 1897 526 1938 modos
541 1897 567 1939 ab
582 1889 668 1952 utraque
679 1902 736 1951 parte

75 1969 171 2011 historice
186 1970 306 2011 observatos
322 1970 417 2011 ostendit.
439 1968 486 2023 Qua
501 1970 521 2010 in
536 1984 558 2011 re
573 1984 619 2011 cum
635 1969 737 2011 abstinere

75 2057 116 2083 non
131 2043 202 2098 possit,
221 2041 330 2097 quominus
345 2043 437 2096 disrupta
453 2056 497 2083 esse
512 2056 549 2097 per
563 2042 651 2083 hominis
666 2055 736 2097 pecca·

75 2122 118 2158 turn
133 2116 217 2171 eiusque
233 2116 387 2158 maledictiones
397 2114 478 2158 vincula
490 2115 564 2158 amoris
579 2121 600 2157 et
610 2115 687 2170 gratiae
697 2114 737 2157 Dei

74 2196 96 2231 et
110 2190 215 2232 hominem
227 2189 307 2244 lapsum
322 2191 342 2232 in
358 2203 446 2231 errorem
462 2197 483 2232 et
498 2189 574 2244 flagitia
589 2187 662 2242 narret,v
678 2188 744 2231 simul

76 2262 153 2315 gaudet
168 2263 194 2304 de
212 2262 350 2313 miseratione,
372 2276 412 2317 qua
427 2262 485 2304 Deus
499 2262 601 2317 perditam
620 2260 681 2305 ovem
700 2275 737 2304 sua

76 2335 204 2388 providentia
223 2342 244 2376 et
259 2335 433 2377 totsaeculorum
449 2334 508 2377 cursu
525 2334 635 2377 clementer
650 2335 737 2390 peractis

76 2407 243 2462 dispositionibus
263 2403 391 2456 adsalutem
412 2407 509 2450 reducere
524 2406 605 2450 tentans
619 2423 656 2464 per
670 2408 736 2449 lesum

75 2479 178 2523 Christum
194 2494 246 2537 opus
261 2480 407 2538 redemptionis
416 2480 539 2530 exercebat.
562 2480 617 2523 Hinc
628 2479 737 2538 episcopus

76 2564 96 2595 et
107 2553 213 2607 religionis
228 2555 370 2596 necessitatem
384 2556 511 2596 demonstrat
526 2554 620 2605 etcum*
632 2568 681 2596 eam>
693 2554 737 2595 sola
780 2543 782 2545 .
