1606 2792
275 132 303 166 IV.
316 133 342 165 De
354 132 408 176 operis
420 131 475 166 indole
487 138 503 166 et
516 131 551 165 lina.
724 140 743 163 21

84 239 126 297 per,
140 240 244 284 Christum
264 240 332 284 diuina
350 242 471 283 auctoritate
491 247 561 295 aperta
582 246 603 282 et
621 240 747 282 sanctificata

84 315 116 365 via
132 314 193 369 digne
208 314 354 355 instituendam
373 328 418 354 esse
433 315 517 363 dixer-ir,
538 326 671 368 permagnam
686 325 746 366 quae-

72 387 172 429 stionem
187 387 266 442 posuit,
287 386 361 441 quibus
381 386 506 441 argumentis
523 390 565 427 tam
584 384 648 427 ardua
663 391 747 440 tamque

85 460 151 514 gravis
163 460 277 514 propositio
288 458 315 500 de
325 459 393 501 divina
409 458 529 500 christianae
544 457 647 513 religionis
662 457 747 500 auctori-

85 540 127 575 tare
142 533 247 588 totiusque
256 545 257 549 ’
266 532 387 575 christianae
402 532 429 573 de
448 531 509 573 rebus
524 530 627 586 religionis
643 530 748 573 doctrinae

84 605 170 648 ueritate
185 606 311 661 probaretur.

113 679 146 721 Ne
157 679 232 721 dixeris
247 678 420 734 operaepretium
436 692 477 720 non
493 692 537 720 esse
553 676 579 719 de
590 676 660 719 indole
675 684 696 718 et
706 677 747 719 lite-

85 759 130 794 rato
146 751 262 794 charactere
275 752 334 800 lruius
349 750 444 806 opusculi
458 765 574 793 sermonem
585 756 692 806 tantopere
703 764 747 806 pro-

86 825 171 867 trahere.
204 825 255 866 Eius
275 824 328 865 enim
349 824 421 865 notitia
441 823 551 865 recluditur
571 822 604 864 ille
617 822 748 878 perniciosus

86 911 147 948 error,
167 898 203 953 qui
222 898 290 939 omnia
305 897 353 938 fidei
372 897 440 951 capita
458 896 578 938 christianae
593 896 695 951 religionis
710 896 748 937 ire-

86 970 132 1011 naei
151 971 278 1025 temporibus
296 971 384 1024 vigentis
403 968 434 1011 his
454 969 506 1011 foliis
526 970 633 1019 contineri,
654 970 749 1024 quaeque

83 1043 179 1104 >Ecclesia
194 1043 340 1100 posterioribus
356 1043 428 1085 diebus
444 1042 501 1099 plura
514 1043 613 1098 dogmata
624 1042 691 1093 docet,
707 1056 749 1085 non

87 1131 132 1159 esse
147 1118 239 1172 germani
254 1114 375 1159 christianae
390 1117 492 1172 religionis
507 1116 583 1170 ingenii
598 1116 691 1158 affirmat.

130 1189 205 1231 Totam
225 1190 287 1245 igitur
305 1204 321 1233 s.
337 1191 430 1246 episcopi
449 1190 516 1245 operis
536 1190 641 1232 materiam
660 1192 680 1232 in
699 1190 749 1231 duas

87 1269 156 1318 partes
175 1263 307 1305 dividendam
327 1277 371 1305 esse
391 1264 497 1314 duximus,
518 1277 604 1317 quarum
619 1263 685 1317 prima
701 1269 750 1316 post

87 1336 261 1378 introductionem
276 1348 366 1390 c‚1-3,
380 1344 389 1389 5
407 1322 477 1378 datam
493 1336 519 1377 de
533 1335 630 1390 religione
640 1336 707 1378 divina
721 1336 749 1377 in-

88 1410 193 1452 stitutione
213 1402 288 1464 posita
297 1423 314 1452 c.
326 1410 396 1461 4--16
416 1416 437 1451 et
451 1409 491 1451 Dei
509 1410 637 1451 miseratione
653 1412 706 1464 post
715 1409 749 1450 ho-

89 1482 147 1524 minis
162 1480 241 1537 lapsum
257 1482 349 1524 restituta
364 1479 381 1525 c.
396 1492 477 1537 17—30
493 1488 513 1524 et
523 1495 560 1537 per
569 1483 636 1523 lesum
647 1481 750 1523 Christum

89 1554 162 1597 Filium
177 1555 217 1596 Dei
236 1553 327 1610 perfecta
347 1570 363 1598 c.
381 1566 470 1608 31—42,
485 1563 507 1608 5,·
527 1555 618 1597 secunda
637 1553 670 1596 de,
683 1554 751 1597 divina

89 1625 197 1671 auctoritat
220 1628 266 1670 lesu
277 1628 351 1671 Christi
366 1630 484 1672 mediatoris
499 1630 558 1672 electi
573 1629 710 1684 etreligionis
722 1643 751 1670 re-

89 1699 197 1745 stauratae*
206 1704 295 1744 auctoris
310 1717 328 1744 c.
339 1711 446 1756 43a-52‚
461 1717 499 1757 per
509 1703 628 1757 prophetias
639 1718 656 1745 c.
668 1705 752 1756 '52-84

88 1776 108 1816 in
125 1781 149 1816 eo
165 1779 186 1815 et
199 1787 216 1816 c.
229 1776 311 1828 85—97
322 1775 343 1815 in
357 1775 443 1815 ecclesia
459 1775 568 1816 christiana
582 1773 697 1833 completas
707 1788 751 1830 pro·

85 1847 158 1889 'banda
173 1847 221 1902 agit,
238 1862 285 1889 cum
296 1862 313 1891 c.
325 1849 423 1901 98-100
438 1847 491 1891 facta
506 1849 621 1890 cohortatio
637 1862 751 1903 opuscon-

92 1919 167 1963 cludat.
597 1935 600 1938 ·
739 1935 742 1937 ·

118 1984 168 2034 Alio
189 1993 254 2034 modo
275 1992 373 2035 Harnack
394 1994 420 2035 de
442 1991 514 2035 indole
532 1994 633 2051 opusculi
650 1994 751 2036 iudicavit.

89 2066 109 2107 ls
129 2072 313 2122 quattuor-partes
333 2066 467 2122 amplitudine
487 2073 507 2109 et
527 2068 626 2122 grauitate
646 2066 706 2117 ualde
726 2068 752 2109 in·

90 2138 187 2193 aequales
196 2140 294 2182 secernit.
314 2140 381 2182 Prima
389 2154 437 2196 pars
447 2140 566 2196 prologum:
572 2141 662 2183 continet
675 2147 695 2183 et
706 2141 753 2184 fidei

90 2212 234 2254 substantiam
245 2214 301 2267 apud
320 2214 445 2267 baptismum
465 2214 561 2255 traditam
577 2214 640 2255 lusius
657 2213 754 2255 describit

86 2298 110 2327 c.
123 2286 182 2327 1-÷8.
212 2284 309 2327 Secunda
325 2285 435 2335 ⁴historiam
452 2284 580 2328 revelationis
595 2286 636 2329 Dei
649 2285 681 2328 et
691 2299 754 2341 opera

87 2357 162 2399 salutis
177 2372 241 2413 usque
257 2359 283 2401 ad
292 2359 412 2414 ¹ingressum
427 2360 494 2414 gentis
508 2360 528 2401 in
539 2366 612 2401 terram
621 2359 753 2402 israeliticam

92 2438 169 2482 narrat,
190 2445 252 2486 quam
272 2432 441 2473 commemoratio
458 2432 543 2475 Dauidis
563 2433 583 2474 ei
598 2432 714 2475 Salomonis
734 2441 754 2475 et

92 2503 246 2560 prophetarum?
255 2506 329 2548 exinde
340 2506 506 2556 resuscitatorum
518 2505 622 2548 concludit
633 2505 657 2559 (c.
669 2518 724 2560 9-3
740 2506 753 2561 l.

93 2577 162 2619 Tertia
178 2591 225 2632 pars
239 2579 398 2620 incarnationem
414 2578 459 2621 Filii
474 2579 514 2621 Dei
529 2593 541 2621 a
556 2579 664 2634 prophetis·
679 2592 754 2621 aunun-
