1606 2792
307 26 478 99 '746476

565 348 713 494 nrt
768 505 769 508 w

287 595 510 653 PRAEFATIO.

109 759 179 795 anctus
191 753 286 795 irenaeus
298 751 442 806 Lugdunensis
458 751 568 808 episcopus
583 757 627 793 ttan
628 766 652 794 ae
667 752 731 808 digni-

73 759 159 875 Str
123 827 216 882 atspa
217 839 238 867 er
208 831 292 867 tan
293 838 359 881 aeque
369 831 437 866 uetus
438 824 476 866 atis
491 830 603 866 auctor
572 831 608 877 es
625 827 732 881 utscripta

35 953 36 957 Ἰ
71 900 113 941 eius
128 899 271 941 Ecclesiaet
250 904 271 940 et
289 898 385 939 scientiae
404 897 488 938 maximi
502 903 547 950 pret
548 898 561 939 ii
576 912 621 940 esse
636 898 731 941 debeant.

71 972 143 1027 Atque
159 985 240 1022 omnes,
261 985 347 1026 quorum
363 969 491 1025 theologiam
506 969 635 1012 christianam
650 971 733 1013 interest

72 1030 150 1095 florere,
171 1057 247 1097 magna
261 1043 416 1098 exspectatione
431 1043 524 1097 nuntium
539 1043 674 1097 accipiebant,
691 1057 733 1099 per-

73 1117 137 1159 ditum
153 1132 165 1158 a
179 1115 265 1159 saeculis
275 1115 335 1157 huius
346 1115 408 1169 patris
423 1128 476 1170 opus
491 1122 594 1169 repertum
610 1130 660 1159 esse.
682 1115 734 1158 Cum

74 1191 138 1245 prima
153 1194 222 1231 textus
241 1189 318 1230 armeni
338 1194 358 1228 et
376 1188 474 1229 versionis
489 1189 617 1241 germanicae
637 1189 699 1231 editio
712 1185 735 1230 in

74 1262 141 1304 lucem
156 1261 271 1317 prodiisset,
287 1260 327 1316 ego
338 1261 430 1302 'doctum
444 1261 510 1302 virum
520 1260 636 1303 Armenum
650 1262 697 1312 adii,
713 1267 736 1302 ut

75 1336 197 1390 opusculum
212 1335 232 1375 in
247 1334 337 1389 linguam
353 1333 436 1376 latinam
451 1340 544 1376 uerteret.
568 1334 606 1376 Cui
618 1334 658 1377 hoc
670 1335 736 1377 lacere

74 1422 116 1450 non
126 1407 203 1462 placuit
213 1421 279 1462 neque
290 1406 340 1449 alius
352 1420 417 1461 usque
428 1405 496 1448 adhue
507 1405 617 1461 theologus
627 1413 663 1448 aut
673 1405 736 1462 philo·

75 1481 135 1535 logus
153 1480 207 1522 hunc
222 1478 314 1521 laborem
333 1479 419 1521 subiisse
438 1479 494 1521 videt
486 1486 524 1522 tur
555 1478 624 1533 Quare
644 1493 684 1533 ego
703 1493 736 1520 me

74 1552 144 1596 inutile
165 1565 217 1594 onus
238 1566 282 1616 non
283 1552 404 1627 suscipere
424 1558 499 1607 putans
519 1552 661 1594 versionemt
653 1552 737 1594 tandem

76 1626 158 1668 latinam
178 1639 189 1667 e
208 1631 267 1666 textu
278 1615 371 1666 armeno
387 1621 504 1680 composui,
524 1632 636 1681 postquam
653 1624 738 1667 alteram

76 1699 214 1754 germanicam
228 1698 258 1738 int
259 1704 338 1752 erpreta
327 1698 417 1738 ationem
432 1697 493 1738 edidi.
513 1698 580 1739 Aliter
592 1704 653 1753 atque
663 1698 683 1738 in
695 1710 738 1752 ger-

76 1772 156 1813 manica
175 1771 342 1825 interpretatione
359 1770 392 1812 hic
408 1771 553 1826 procedebam.
584 1771 608 1812 ld
626 1772 680 1813 enim
695 1784 738 1827 per·
784 1827 786 1829 -

76 1844 138 1885 ficere
148 1836 223 1893 studui,
235 1850 258 1884 ut
268 1843 352 1897 uerbum
365 1858 376 1884 6
386 1844 450 1884 verbo
461 1845 590 1886 transferrem
601 1852 621 1885 et
631 1844 708 1895 lectori,
719 1845 739 1885 in

77 1922 176 1971 quantum
187 1916 230 1957 fieri
240 1922 327 1970 poterat,
343 1915 435 1970 analogis
450 1930 545 1957 ormenae
555 1916 636 1971 linguae
648 1918 667 1958 in
678 1916 740 1958 latina

78 1989 233 2044 compositionis
246 1989 355 2030 verborum
369 1990 437 2030 modis
451 1991 536 2031 seruatis
546 2004 658 2045 eorumque
669 1990 740 2031 ordine

78 2068 158 2104 retento
168 2061 251 2103 fidelem
266 2063 377 2117 imaginem
392 2068 462 2104 textus
476 2063 553 2104 armeni
567 2064 588 2104 in
600 2062 669 2116 lingua
679 2063 741 2104 latina

79 2148 221 2189 proponerem.
252 2133 274 2177 Si
294 2135 339 2176 talis
358 2135 424 2177 versio
445 2135 471 2177 ab
487 2134 576 2189 ingenua
593 2142 700 2177 venustate
715 2134 740 2176 la-

79 2207 133 2248 tinae
143 2206 225 2261 linguae
236 2207 346 2261 plurimum
360 2208 443 2259 recedit,
460 2207 571 2249 benevolus
584 2206 649 2250 lector
663 2209 741 2250 ratione

79 2279 125 2322 finis
140 2280 201 2335 positi
216 2279 285 2323 habita
302 2281 407 2336 interpreti
425 2280 537 2336 indulgeat.
567 2281 621 2323 Eum
641 2282 694 2323 enim
714 2289 741 2323 ata

80 2352 150 2407 tigisse
161 2351 264 2407 theologis
278 2352 358 2394 utilitati
368 2354 410 2403 erit,
427 2367 552 2410 quamquam
567 2354 685 2410 negandum
700 2368 742 2397 non

81 2433 118 2476 est,
138 2427 249 2468 sententias
263 2427 328 2469 sancti
342 2428 405 2480 patris
421 2429 464 2469 sine
479 2428 602 2469 detrimento
618 2428 707 2470 veritatis
722 2434 743 2469 et

82 2512 127 2539 eum
144 2513 220 2553 magno
235 2499 375 2541 emolumento
390 2499 481 2548 lectoris
491 2494 617 2554 elegantiore
636 2501 682 2542 stilo
698 2514 742 2555 pro-

82 2570 126 2613 ferri
142 2572 244 2625 potuisse,
264 2573 316 2614 sicut
335 2572 396 2613 etiam
411 2573 431 2614 in
447 2575 563 2628 germanica
577 2574 743 2628 interpretatione
