1606 2792
70 163 90 204 76
171 162 209 194 Pars
219 162 241 194 11.
256 161 315 195 Divina
327 162 413 195 auctoritas
421 161 481 195 Christi
494 161 586 196 mediatoris
598 167 628 195 etc⁴

98 284 137 326 49..
148 270 175 313 Et
190 272 263 313 iterum
273 271 335 327 isaias
350 271 451 325 propheta
467 272 525 312 dicit:
545 271 590 313 «Sic
602 272 650 313 dicit
661 272 731 313 Domi·

69 358 108 386 nus
118 345 175 387 Deus
186 343 211 386 ad
223 349 319 386 unctuma
334 357 401 394 meum
412 343 525 386 Dominum
531 343 544 396 h,
560 345 628 386 cuius⁰
638 346 693 386 tenui
704 345 730 387 ad

70 417 170 468 dextram,
182 417 251 459 audire
261 431 331 459 coram
342 430 367 459 eo
375 422 466 473 gentes»
475 418 482 446 1
497 407 548 459 Etsi
557 414 679 475 [quaeriturh
690 432 731 473 qua

71 489 160 533 ratione‘¹
174 490 234 532 etiarn
245 489 336 532 Christus
351 489 465 545 appelletur
475 489 538 531 Filius
548 490 588 531 Dei
603 497 624 531 et
637 504 674 531 rex
684 504 732 545 gen-

70 563 129 613 tium,
149 561 206 617 quod
222 570 253 604 est
268 563 358 604 omnium
374 562 486 613 hominum,
499 554 528 603 'et
542 562 600 617 quod
615 563 677 604 Filius
692 564 732 605 Dei

71 643 92 678 et
106 634 221 691 appellatur
240 642 261 677 et
278 642 310 677 est
329 640 350 677 et
366 649 402 678 rex
417 634 525 687 omnium⁸,
545 635 574 677 ita
588 635 656 678 David
672 634 731 678 dicit:

74 710 187 751 «Dominus
202 708 254 750 dixit
263 709 295 751 ,ad
306 722 345 760 me,
361 709 414 751 fliius
427 723 523 759 meuses,
539 723 579 763 ego
590 708 662 750 hodief
672 709 733 765 genui

71 788 98 833 te,
114 779 196 836 postula
211 794 223 822 a
238 795 277 831 me,
293 785 314 822 et
329 780 385 823 dabo
400 780 437 822 tibi
448 786 521 836 gentes
531 780 666 822 hereditatem
677 787 732 823 tuam

71 862 92 896 et
107 854 247 910 possessiones
263 851 319 909 [tuas]
336 854 421 895 orbemg
438 854 538 897 terrae.»2
567 853 625 895 Haec
645 866 687 895 non
706 853 733 895 ad
768 871 773 880 ·

72 927 140 970 Dauid
156 927 278 978 dictasunt,
294 941 342 968 nam
357 941 398 968 non
413 927 433 968 in
445 933 517 981 gentes
532 934 553 969 et
566 927 638 969 nonin
648 928 733 970 orbemll

72 1005 196 1056 potestatem
211 998 288 1050 habuit,
304 998 341 1041 sed
357 998 424 1042 solum
438 996 469 1056 [in]
481 999 575 1042 Iudaeos.
601 999 657 1054 Ergo
666 997 733 1042 'mani-

73 1072 146 1115 festum
162 1078 202 1114 est:
219 1071 275 1113 uncti
285 1072 399 1125 promissio,
415 1064 546 1126 regnatuium
558 1070 617 1130 [eumi
630 1073 650 1114 in
662 1072 734 1114 orbem

72 1153 143 1197 terrae,
159 1145 204 1188 Filii
214 1146 255 1187 Dei
269 1152 306 1194 est,
321 1158 383 1200 quem
396 1145 463 1200 ipsum
473 1146 541 1186 Dauid
551 1160 609 1187 suum
621 1146 734 1188 Dominum

73 1218 179 1261 confessus
194 1224 225 1259 est
239 1218 267 1259 ita
278 1217 376 1260 dicendo:
396 1217 463 1259 «Dicit
473 1218 574 1259 Dominus
585 1217 611 1259 ad
622 1218 734 1259 Dominum

73 1305 148 1342 meum,
161 1290 211 1332 sede
221 1290 248 1331 ad
259 1290 352 1331 dextram
365 1303 443 1331 meam»
452 1291 466 1340 3,
478 1297 498 1331 et
508 1290 621 1345 sequentia,
631 1290 684 1331 sicut
694 1291 734 1331 iarn

73 1364 129 1418 prius
139 1361 242 1405 diximusi.
264 1362 318 1403 Nam
328 1363 408 1404 Patrem
425 1376 471 1404 cum
482 1362 534 1403 Filio
544 1361 601 1416 ioqui
612 1362 666 1413 dicit,
682 1363 735 1404 sicut

74 1435 107 1478 etk
121 1433 183 1491 paulo
194 1435 249 1490 prius
260 1434 286 1476 de
295 1435 347 1476 Isaia
362 1433 503 1486 ostendimus¹,
520 1434 593 1489 quodnn
604 1434 686 1478 dicebat
696 1435 734 1478 ita:

76 1507 143 1550 «Dicit
158 1506 215 1548 Deus
232 1507 259 1548 ad
275 1512 360 1559 unctum
380 1521 459 1558 meum,
480 1507 506 1548 ad
522 1507 645 1559 Dominum,
665 1506 735 1549 audire

75 1594 143 1622 coram
160 1586 287 1635 cogentes.»
308 1579 362 1622 Nam
378 1579 452 1622 eadem
462 1579 569 1635 promissio
581 1593 617 1635 per
627 1586 736 1635 utrumque

75 1653 207 1710 prophetam:
228 1666 298 1708 regem
314 1659 430 1705 esse¹eum;
450 1653 520 1709 itaque
535 1652 561 1696 ad
577 1668 640 1696 unum
654 1661 675 1696 et
690 1669 736 1696 eun-

76 1727 125 1769 dem
140 1726 254 1769 locutiones
269 1726 309 1768 Dei
323 1733 377 1778 sunt,
392 1727 414 1768 id
428 1727 495 1781 ipsum
511 1726 565 1778 dico,
584 1727 611 1769 ad
627 1726 735 1777 Christum,

106 1858 205 1901 ¹Is45,1,
275 1857 418 1902 ²Ps2,7sq.·
466 1858 579 1901 ὃΡεῑο9,ι.
618 1904 620 1906 q

105 2013 112 2029 u
124 2009 157 2041 Tm
169 2008 236 2041 mutavit
248 2008 321 2041 ordinem
333 2009 424 2051 verborum.

105 2066 199 2101 hirenaeus
215 2068 254 2111 regu
267 2067 318 2114 κυρίῳ
335 2069 371 2101 ioco
383 2067 428 2114 κάρῳ
445 2078 481 2101 cum
492 2067 571 2111 Barnaba,
587 2068 693 2112 Tertuliiano,
709 2069 738 2113 Cy·
770 2068 771 2071 ’

77 2130 138 2173 priano,
150 2130 239 2170 Lactantio,
252 2129 294 2163 sicut
305 2127 349 2162 ΤΜ2
361 2141 397 2163 cum
409 2130 465 2163 Nestle
478 2130 593 2164 animadvertit,

106 2194 112 2209 Ε
124 2190 142 2222 ln
155 2194 199 2222 textu
211 2200 276 2221 armeno
289 2189 354 2231 pluralis
366 2202 388 2217 :
400 2200 473 2232 quorum,
490 2190 534 2232 quod
548 2189 611 2222 videtur
623 2201 667 2222 error
678 2190 739 2223 librarii

77 2260 117 2292 csse,
130 2249 157 2293 qui
168 2250 174 2293 j
187 2260 223 2282 cum
234 2260 243 2281 z
255 2249 333 2283 confudit,
401 2248 409 2270 ‘¹
421 2251 463 2284 TM:
475 2250 507 2285 uie
519 2250 539 2283 ist
550 2262 568 2284 es
579 2251 623 2285 aber.

106 2311 157 2343 οΤΜ
169 2309 228 2344 omittit
239 2310 318 2353 puraiielu
329 2311 383 2352 verba,
396 2322 426 2354 pro
438 2311 470 2344 illis
484 2312 578 2344 «Dariiher»
592 2312 668 2345 scribens.
762 2356 764 2359 Ι

109 2368 114 2391 f
125 2370 206 2415 Supposui
214 2370 343 2403 emendationem
352 2376 404 2405 textus
414 2372 478 2404 «merto
489 2372 505 2404 in
516 2371 578 2414 «serii»,
588 2382 635 2416 quam
641 2373 658 2405 P.
664 2372 740 2405 Akinean

78 2432 119 2464 iuste
128 2432 219 2475 proposutu
233 2432 253 2466 cf.
262 2433 311 2465 etiam
318 2433 419 2476 Bazmauvep,
427 2431 500 2465 Veneriis
511 2432 558 2466 1810.
581 2432 650 2466 Primum
661 2434 739 2474 «nudus»,

79 2492 159 2535 posterius
171 2492 220 2524 hodie
232 2492 316 2536 significat.

107 2556 114 2577 r
126 2551 167 2585 ru:
181 2551 206 2585 ue
218 2541 280 2586 anui⁴
350 2550 357 2572 ¹2
369 2552 401 2585 Tu
414 2552 467 2587 adan:
480 2564 536 2597 garze.
605 2550 609 2573 1
621 2553 664 2586 urae
676 2564 690 2586 e.
702 2553 729 2594 48.

108 2613 160 2648 kThi
172 2625 203 2648 om.
253 2613 310 2647 liuh
324 2615 353 2647 auf
362 2613 412 2647 Isaias
423 2614 511 2648 verwiesen
523 2614 582 2648 haben.
628 2619 640 2634 ¹¹¹
651 2615 693 2647 TM:
707 2615 740 2648 der.
