1606 2792
42 131 44 134 <
63 121 84 153 30
173 111 211 143 Pars
223 112 236 144 l.
251 111 276 143 De
288 111 368 153 religione
380 110 433 143 divina
445 111 545 143 institutione
557 111 614 153 posita.

63 226 133 274 potest
138 226 151 264 ⁸.
172 218 213 261 Sed
224 219 275 261 inter
283 220 351 261 omnia
361 220 422 261 etiam
430 219 469 270 hic,
478 220 513 273 qui
523 220 581 261 iuxta
588 233 626 261 nos
637 220 726 260 mundns

64 299 101 345 est,
109 300 129 335 et
138 294 158 335 in
167 292 244 334 mundo
251 292 321 337 horno.
336 292 392 347 Ergo
402 300 423 335 et
431 293 519 335 mundus
527 293 592 335 aDeo
601 300 680 334 creatus
688 298 725 335 est.

79 376 112 420 -5.
132 366 180 408 Hoc
194 367 256 420 igitur
270 367 334 408 modo
352 366 476 408 ostenditur:
497 366 557 408 Unus
572 366 640 417 Deus,
660 365 725 416 Pater,

66 435 106 481 ‘ron
116 439 188 490 factus,
203 438 313 489 invisibilis,
325 445 405 481 creator
415 439 512 489 omnium,
525 453 586 492 supra
597 452 659 493 quern
669 437 727 479 Deus

64 455 116 576 ilius
125 510 226 566 (aliquisl)
236 525 277 554 non
291 518 353 553 estet
364 516 483 567 postquem
499 510 549 552 alius
560 511 618 553 Deus
632 526 674 553 non
689 519 726 562 est,

78 585 158 641 tquod
174 592 204 627 rat
196 584 276 627 tionalis
294 592 324 627 est
316 585 443 627 ttDeus
412 592 432 626 et
457 591 567 639 propterea
575 584 646 627 Verbo
663 582 700 641 irat
692 585 727 627 tio-

66 656 165 715 pistae
134 658 187 699 facta
176 658 288 700 acreavit.
318 656 422 714 Spru
424 672 447 699 us
463 657 526 708 Deus,
542 654 638 713 siclqnel
653 656 728 712 Spiritu

66 709 347 786 irnumquodquedisposuit,
362 731 435 773 sitecu
437 731 580 786 ttadprophe
582 730 626 772 icit:
645 730 728 773 «Verbo

67 805 151 845 Domini
170 804 222 844 coeli
237 804 311 845 firmati
326 811 374 845 sunt
393 810 413 845 et
428 803 504 858 Spiritu
524 804 565 845 eius
585 804 651 844 omnis
666 805 729 845 virtus

67 875 172 917 eornmr¹
201 876 264 931 Ergo,
281 876 377 930 quoniam
388 875 481 918 Verbum
495 863 590 925 firmauit,
606 875 647 917 hoc
662 875 728 930 ipsum

67 955 99 988 est
115 946 189 1004 lopera]
211 948 333 1003 corporistl‘)
354 946 375 1003 [s.
392 946 484 1004 corpore]
501 954 597 1003 operatur
614 946 651 1003 luel
666 948 730 990 incor-

68 1019 142 1078 poratfl
154 1027 175 1062 et
186 1021 338 1062 subsistentiam
349 1021 391 1063 enti
401 1021 503 1077 praebetss,
516 1020 602 1078 Spiritus
613 1027 681 1064 autent
692 1020 730 1063 dis·

69 1096 126 1148 ponit
145 1102 166 1136 et
184 1094 259 1136 format
277 1096 415 1136 diversitatem
432 1096 536 1144 uirtutum,
556 1094 599 1135 iure
618 1102 638 1136 et
658 1093 730 1135 merito

99 1218 104 1239 ¹
117 1219 137 1252 Ps
150 1228 175 1263 32,
190 1221 204 1252 b,

70 1295 202 1302 *p—

70 1347 107 1379 licat
117 1346 205 1380 «contineri
214 1347 282 1389 spatior,
295 1353 317 1388 ut,
330 1347 343 1379 si
355 1347 421 1380 uerbum
434 1353 506 1391 negetur,
519 1347 540 1381 de
548 1358 565 1381 re
577 1358 625 1390 quarn
633 1347 686 1391 spatio
695 1358 731 1380 con-

71 1408 118 1439 tineri
131 1413 203 1450 negatur,
216 1407 313 1440 immensitas
325 1407 416 1441 affirmetur

99 1473 106 1488 Η
118 1469 136 1502 ln
149 1473 193 1501 textu
205 1478 270 1501 armeno
283 1468 380 1502 adiectivum
392 1468 487 1512 privativum
499 1469 590 1503 adhibetur.

99 1529 107 1549 l
119 1530 151 1563 TM
163 1527 245 1572 omlittit),
313 1534 319 1550 c
331 1530 364 1562 ΤΜ
376 1541 408 1563 om,

99 1590 137 1623 llo
149 1596 192 1623 textu
207 1602 273 1622 armeno
289 1591 319 1622 sibi
335 1590 361 1622 hic
378 1592 507 1634 correspondent
522 1591 599 1624 baoaiuor
612 1596 627 1624 et
639 1591 676 1632 ban,
694 1603 734 1636 quae

71 1662 147 1695 graecum
158 1649 209 1697 λόγος
224 1658 240 1685 et
251 1649 317 1697 λογικός
333 1651 402 1685 reddere
418 1652 498 1694 videntur,
516 1653 533 1686 in
548 1652 604 1696 lingua
616 1653 666 1686 latina
682 1661 735 1686 autem

71 1713 139 1746 vocibus
151 1723 202 1755 aeque
214 1712 293 1745 similibus
305 1713 373 1756 exprimi
386 1720 472 1756 nequeunt.

102 1776 108 1793 Β
120 1773 153 1805 ΤΜ
165 1773 239 1806 ordinem
250 1774 336 1806 verborum
348 1774 463 1807 transmutavit

103 1831 108 1853 t
119 1833 211 1867 Secundum
218 1834 310 1867 Vardanian
319 1832 396 1877 (Handes
406 1842 453 1876 1910,
463 1836 520 1877 p.'326
529 1832 567 1877 sap),
580 1834 606 1877 qui
618 1835 735 1867 emendandum

73 1901 118 1937 putat
127 1900 186 1928 textum
194 1895 211 1927 in
217 1900 348 1939 marmnagortse,
356 1895 399 1939 quod
406 1894 492 1938 significat:
502 1893 630 1937 σωματοποιέω,
637 1896 736 1940 verkdrpert,
763 1892 766 1899 ⁴

74 1957 171 1999 incorporat,
191 1956 266 1989 Fortasse
278 1956 334 1989 melius
347 1962 393 1997 essct,
408 1956 420 1989 si
433 1962 485 1989 textus
497 1955 558 1989 armeni
571 1956 637 1989 verbum
648 1966 737 2000 marmnoy,

75 2017 118 2060 quod
130 2024 154 2050 est
166 2018 246 2060 genitivus
258 2017 284 2050 vel
297 2018 364 2058 dativus,
377 2018 394 2050 in
407 2028 490 2050 marmilon
502 2017 645 2057 transformaretur,
658 2017 702 2059 quod
714 2022 738 2049 est

75 2087 120 2110 casus
132 2078 263 2112 instrumentalis,
282 2078 318 2119 Qua
330 2078 442 2111 emendatione
451 2078 502 2121 posita
511 2078 635 2121 praedicaretur,
648 2076 685 2109 Filii
698 2087 738 2120 opus

75 2138 91 2170 in
104 2139 186 2172 creatione
198 2139 254 2171 muudi
269 2149 305 2171 cnm
321 2139 434 2172 constitutione
446 2150 531 2181 corporum
543 2138 619 2181 produci,
636 2143 705 2171 attamen
718 2148 739 2170 ne

75 2199 106 2231 hoc
118 2200 167 2232 modo
179 2199 245 2242 quidem
257 2198 273 2231 S.
283 2200 346 2233 Irenaei
358 2209 427 2242 sequeus
439 2199 522 2233 conclusio
535 2198 612 2231 declarari
625 2198 692 2231 uidetur,

104 2263 110 2282 l
122 2259 155 2291 Tot
167 2258 229 2293 reddit:
244 2259 296 2292 «Weil
309 2271 342 2293 nun
355 2261 383 2293 das
392 2261 439 2294 Wort
449 2260 539 2304 Fesrigkeir
550 2258 590 2303 gibt,
604 2260 644 2293 dh.
654 2259 740 2304 leibhaftig

76 2320 129 2353 matht
145 2321 179 2353 und
196 2320 326 2354 dieWesenheit
338 2321 367 2354 der
378 2321 476 2355 Enranation
488 2322 572 2356 verleilrt.»
597 2321 645 2362 Quae
657 2320 740 2353 translatio

76 2379 119 2412 clara
136 2391 169 2413 non
184 2380 254 2414 videtur,
279 2380 328 2421 Quod
340 2392 389 2413 nos
386 2381 437 2414 «enti»
451 2382 565 2423 transtulimus,
578 2382 610 2414 Tit
623 2381 739 2415 «Emanation»

77 2441 129 2474 vertit
118 2441 183 2475 tPro
195 2449 250 2475 nostro
262 2441 367 2475 subsistentia
378 2442 406 2476 ille
417 2442 529 2476 «Wesenheitn
523 2443 577 2476 nsive
589 2442 678 2475 substantia
690 2442 741 2485 ponit,

77 2501 96 2533 ln
111 2506 154 2534 textu
170 2513 235 2535 armeno
250 2501 305 2544 eloy»
320 2502 369 2535 habe
364 2510 394 2543 ur
411 2504 455 2546 qnod
472 2510 496 2535 est
490 2504 575 2536 tdativus
588 2503 692 2547 participii
681 2502 724 2535 vel
720 2513 742 2534 in

78 2560 135 2594 finitivi
147 2562 235 2607 praesentis
247 2562 292 2596 verbi
306 2562 383 2596 auxiliarii
399 2575 443 2596 «em»
453 2576 523 2603 :sum
