1606 2792
274 118 302 150 IV.
315 117 340 149 De
353 117 405 160 operis
417 117 473 150 indole
485 122 501 148 et
513 116 549 149 fiue.
723 124 742 160 15

80 229 128 269 tatis
143 233 210 269 rectae
226 227 385 268 conversationis
400 240 480 268 morum
496 227 649 281 comparatione
659 225 743 267 illustra-

81 308 119 354 tur,
135 302 155 343 in
171 301 230 343 tertio
245 308 301 343 recta
315 299 367 342 fides
382 300 484 342 bonorum
500 313 580 342 morum
596 300 640 341 dux
655 298 743 341 declara-

82 383 120 426 tur,
136 376 191 416 unde
207 375 292 429 colliges
305 375 412 416 Irenaeum
427 375 454 416 ad
469 374 567 415 lectorem
583 374 692 427 scripsisse,
709 375 744 428 qui

82 448 203 491 christianae
215 448 374 490 conversationis
385 447 441 502 leges
452 448 505 489 bene
515 448 596 489 sciverit
605 448 670 502 iisque
681 448 744 489 corde

82 522 144 577 pleno
157 521 277 568 adhaeserit,
300 521 362 576 Quid,
379 521 434 575 quod
446 520 561 562 Marcianus
571 521 610 561 iam
622 532 657 561 c.1
670 521 700 561 vir
710 521 743 562 de·

82 595 182 645 scribitur,
199 594 256 636 cuius
271 593 362 635 officium
373 593 415 643 luit,
432 599 455 634 ut
470 592 520 634 alios
535 593 562 634 de
572 593 613 634 fide
624 593 709 634 doceret
724 599 755 636 et.

82 667 195 709 animarum
209 665 270 708 saluti
284 665 412 722 provideret?
432 665 481 708 Non
491 679 542 721 ergo
557 680 610 721 opus
620 673 669 717 erat,
684 672 707 707 ut
717 665 744 708 illi

57 758 59 761 ·
83 740 185 794 religionis
205 739 306 781 elementa
325 747 483 793 exponerentur,
504 753 541 780 nec
561 740 621 781 nobis
640 738 687 781 licet
706 739 744 780 ele-

82 821 152 854 menta
170 813 209 854 ista
228 825 255 852 ex
269 811 310 853 hoc
330 825 392 866 opere
412 811 509 867 colligere
524 818 603 855 cuncta.
635 812 655 853 A
671 818 744 867 quarto

83 887 150 941 capite
160 880 225 939 usque
236 885 261 927 ad
273 884 454 940 quadragesimum
465 885 578 927 secundum
588 885 683 927 irenaeus
696 898 744 927 sane

82 959 205 1014 primitivam
215 958 256 1000 Dei
270 958 326 1013 apud
335 958 435 1002 vhomines
449 958 543 1000 notitiam
554 960 638 1013 eiusque
648 972 684 1012 per
695 958 744 1001 Ver·

83 1033 132 1073 bum
149 1039 168 1074 et
184 1030 282 1086 Spiritum
297 1030 395 1073 Sanctum
411 1044 496 1086 semper
508 1031 582 1073 factam
598 1045 645 1073 cum
661 1031 745 1072 homini·

83 1105 122 1146 bus
134 1103 252 1146 relationem
269 1102 417 1159 complectitur,
440 1104 481 1146 Sed
493 1110 572 1145 tautum
582 1105 641 1146 abest
657 1111 679 1145 ut
689 1103 744 1146 hisce

83 1177 143 1219 rebus
158 1175 292 1230 expositionis
308 1190 357 1217 suae
372 1176 434 1218 finem
449 1191 471 1218 se
486 1177 577 1230 attigisse
593 1176 753 1227 existimaverit

83 1256 106 1291 ut
125 1263 159 1291 eas
178 1247 234 1290 velut
254 1263 309 1291 mere
328 1249 486 1292 introductorias
503 1248 608 1301 habuerit,
629 1256 676 1304 post
694 1264 745 1305 quas

84 1323 167 1364 demum
183 1323 227 1377 ipsa
243 1322 390 1363 demonstratio
404 1323 494 1365 veritatis
506 1322 626 1377 probandae
640 1322 744 1377 inciperet.

83 1396 137 1438 Tum
153 1395 236 1438 tandem
252 1395 322 1437 statuit
337 1395 432 1437 historiae
448 1396 507 1446 facta,
528 1410 581 1451 quae
601 1395 744 1450 explicaverat,

84 1475 158 1510 cuncta
175 1468 203 1509 ita
218 1467 314 1521 Spiritum
330 1466 428 1509 Sanctum
445 1469 512 1510 futura
531 1482 575 1509 esse
595 1469 745 1510 annuntiavisse

84 1553 120 1593 per
135 1539 253 1594 prophetas,
274 1546 297 1581 ut
311 1539 362 1581 fides
380 1541 464 1582 veritate
480 1539 548 1581 Deum
568 1539 683 1582 colentibus
699 1555 745 1582 con-

84 1614 197 1655 firmaretur
207 1614 232 1664 (c.
244 1614 285 1667 42),
302 1614 401 1654 dicendo:
420 1613 511 1655 «Cuncta
521 1615 573 1655 haec
583 1615 610 1655 ita
621 1614 688 1655 sutura
701 1629 746 1656 esse

84 1686 139 1739 prius
158 1686 284 1728 annuntiavit
300 1673 386 1741 Spiritus
401 1686 441 1728 Dei
461 1701 497 1741 per
515 1686 637 1741 prophetas,
658 1693 680 1728 ut
699 1701 744 1729 con·
785 1731 787 1734 ,

84 1757 197 1799 firmaretur
207 1758 263 1813 apud
273 1757 319 1799 illos
327 1757 379 1799 fides
387 1759 470 1801 veritate
479 1759 547 1800 Deum
558 1758 674 1801 colentium.
691 1759 745 1801 Nam

84 1831 141 1884 quod
152 1830 233 1885 penitus
243 1829 368 1885 impossibile
384 1838 427 1873 erat
437 1838 518 1881 nostrae
531 1838 615 1874 naturae
631 1838 651 1873 et
662 1839 745 1887 propter

84 1902 125 1945 hoc
144 1916 228 1958 parvam
247 1903 309 1945 fidem
330 1911 372 1944 erat
392 1903 529 1946 adducturum
549 1904 675 1956 hominibus,
695 1904 746 1947 haec

85 1977 142 2017 Deus
158 1990 194 2031 per
209 1976 320 2030 prophetas
336 1975 384 2017 fecit
399 1976 454 2030 prius
469 1978 592 2029 annuntiari,
613 1983 635 2018 ut
650 1992 677 2018 ex
692 1970 746 2019 ante-

85 2048 172 2091 cedente
183 2048 288 2103 praedicto
299 2054 345 2090 ante
357 2048 421 2091 multa
431 2056 525 2104 tempora
536 2049 590 2092 lacto
604 2057 625 2092 et
635 2064 661 2091 ex
672 2057 746 2093 eventu

85 2122 167 2164 tandem
188 2122 215 2163 ita
230 2121 322 2176 implete,
342 2122 395 2164 sicut
409 2130 469 2165 antea
482 2123 563 2164 dictum
578 2123 649 2177 luerat,
670 2138 746 2177 cogno-

85 2207 172 2245 scamus,
189 2194 245 2248 quod
259 2193 318 2237 Deus
333 2203 381 2246 erat,
398 2195 433 2249 qui
448 2201 508 2237 antea
523 2194 582 2237 nobis
598 2202 688 2237 nostram
704 2196 746 2237 red-

86 2267 211 2322 emptionem
227 2266 371 2310 annuntiavit»
395 2265 455 2321 Quae
465 2274 583 2322 sequuntur,
595 2269 650 2310 dicta
661 2269 747 2324 prophe-

42 2382 44 2385 ,
85 2345 150 2381 tarum
159 2346 260 2393 repetunt,
268 2340 342 2394 quibus
348 2339 451 2382 Christum
459 2341 498 2382 iam
508 2340 746 2384 inVetereTestamento

85 2412 227 2453 annuntiatum
238 2425 283 2453 esse
293 2412 430 2465 cognoscitur
453 2412 548 2467 Singulas
559 2412 625 2455 clarus
636 2413 747 2468 apologeta

24 2491 25 2495 ’
87 2484 113 2524 de
123 2483 198 2525 llllessia
208 2484 327 2538 prophetias
343 2485 440 2538 percurrit
455 2498 480 2526 eo
496 2486 564 2527 studio
580 2486 660 2536 ductus,
677 2492 699 2528 ut
714 2487 747 2528 de-

86 2561 191 2606 monstret,
208 2558 315 2610 quomodo
331 2556 376 2598 illae
392 2557 512 2612 prophetiae
527 2558 547 2599 in
560 2557 641 2600 Christo
652 2558 697 2599 lesu
714 2560 747 2622 im-
