1606 2792
57 161 77 198 54
165 155 228 190 Parsi.
243 155 270 188 De
277 155 359 198 religione
372 154 426 187 divina
438 154 537 188 institutione
549 156 607 199 posita.

56 272 149 320 tempore
165 262 300 305 manifestavit
315 264 333 305 ei
348 264 406 305 Deus
421 278 505 316 nomen,
526 264 584 318 quod
598 256 666 308 solum
681 265 717 307 sal-

57 343 116 381 vare¹
126 343 194 392 potest
205 337 311 380 credentes
321 337 341 379 in
351 336 421 388 iiiud1¹
436 344 456 380 et
467 337 597 392 permutansb
607 339 718 382 nominavit

56 412 126 453 Moses
142 410 196 453 Osee
211 409 275 451 filium
289 410 354 461 Nave,
370 424 433 451 unum
450 425 476 451 ex
492 411 575 462 emissis,
593 418 614 453 et
628 413 718 455 nomina-

57 485 96 525 uit⁰
110 498 157 525 eum
167 483 249 524 Iesum²
264 489 285 524 et
300 485 327 524 ita
343 484 397 524 misit
412 498 458 525 cum
474 484 547 525 virtute
563 486 655 537 nominis,
672 500 718 527 con·

3 574 5 578 ·
57 557 123 599 fidens
141 558 232 611 integros
252 571 288 598 eos
307 570 329 598 se
348 571 393 598 esse
413 564 542 611 recepturum
561 560 718 614 propterquod

57 631 97 672 hoc
113 631 241 672 ducebantur
253 629 354 680 nominet
371 630 428 684 quod
444 630 515 671 datum
531 631 593 672 est³t
617 630 659 673 Sed
672 632 719 686 quia

57 703 145 758 profecti
163 708 185 744 et
204 703 367 757 explorationem
386 710 407 744 et
421 703 571 758 inquisitionem
587 704 677 758 expertis
691 719 719 745 re-

57 783 167 827 uerterunt,
183 782 289 830 portantes
304 784 351 818 cum
364 777 415 831 ipsis
427 776 510 817 botrum
525 790 583 828 uvae,
600 782 632 817 etg
647 792 658 818 e
671 777 720 818 duo-

58 849 126 890 decim
141 849 219 889 emissis
234 848 325 889 nonnuili
340 850 374 901 (ex
389 849 425 901 eis)
431 846 439 867 ¹¹
454 849 549 889 timorem
560 848 720 890 formidantiumi

58 921 170 962 iniecerunt
184 919 222 961 toti
233 919 311 975 populo
322 920 410 970 dicendo
421 920 482 963 urbes
492 933 616 976 permagnus
626 927 647 962 et
657 922 720 962 muni-

59 994 103 1036 taslt
118 1009 163 1036 esse
178 1000 199 1035 et
208 992 261 1036 filios
276 984 422 1049 terrigenarum
432 993 638 1048 gigantes-habitarel
652 996 672 1036 in
685 996 719 1045 eis,

59 1068 86 1109 ita
101 1074 124 1109 ut
139 1065 251 1121 possibile¹¹
267 1072 326 1117 esset,
347 1073 369 1107 ut
383 1066 411 1108 illi
426 1072 501 1107 terram
516 1067 629 1117 tenerent4,
645 1073 666 1107 et
680 1067 721 1108 hoc

45 1129 114 1182 'facto
134 1139 216 1190 accidit,
237 1145 260 1181 ut
280 1139 368 1194 populus
384 1139 450 1181 omnis
464 1137 532 1188 fleret,
552 1138 651 1181 increduli
667 1138 719 1189 sacti¹

59 1212 116 1268 quod
128 1212 185 1254 Deus
195 1217 267 1263 esset¹‚
281 1213 318 1267 quiv
326 1212 354 1253 eis
365 1212 460 1254 virtutem
471 1211 578 1267 praeberet
588 1218 609 1253 et
619 1212 722 1254 subiceret

60 1300 137 1328 omnes.
167 1285 195 1327 Et
214 1284 277 1328 locuti
296 1292 343 1327 sunt
363 1284 415 1327 male
435 1285 462 1326 de
481 1292 535 1326 terra
554 1292 659 1340 tamquam
679 1298 721 1326 non

60 1358 115 1400 bona
131 1356 195 1414 [esset]
212 1372 280 1413 neque
298 1358 370 1413 digna,
391 1358 416 1399 de
432 1372 473 1412 qua
488 1357 602 1412 periculum
620 1358 722 1399 subiretur

61 1432 153 1488 (propter
168 1430 230 1473 talem
245 1431 344 1487 terramit
375 1430 417 1474 Sed
435 1430 477 1473 duo
498 1444 509 1471 e
524 1430 645 1482 duodecim,
665 1430 722 1472 Iesus

61 1504 113 1547 filius
127 1505 186 1546 Naue
201 1509 222 1545 et
232 1504 296 1546 Caleb
311 1505 364 1546 filius
375 1504 467 1559 iephone
482 1504 586 1546 sciderunt
600 1504 722 1546 vestimenta

60 1591 102 1629 sua,
119 1583 203 1633 propter
214 1576 354 1628 malefactum,
371 1583 392 1618 et
404 1577 564 1618 obsecraverunt
574 1575 680 1632 populum,
696 1590 722 1617 ne

61 1651 172 1693 deficerent
191 1650 259 1691 animo
279 1657 300 1690 et
319 1664 344 1691 ne
360 1650 491 1690 demitterent
509 1649 582 1700 corda,
602 1650 650 1704 quia
664 1649 722 1690 Deus

91 1792 322 1834 ¹Act16,3r;cf.4,1a.
395 1791 445 1826 ¹Nm
460 1799 521 1835 13,17.

90 1852 166 1895 ³Act4,
182 1861 207 1885 12.
231 1854 267 1885 Phil
280 1862 295 1894 2,
308 1862 324 1893 9.
394 1853 562 1897 ¹Nm13‚295qq.
604 1858 611 1864 '

89 2011 96 2025 ¹
108 2006 149 2038 TM:
162 2004 241 2048 Iebendig
252 2005 326 2038 macheu.
395 2004 456 2037 ¹¹TM':
469 2004 554 2038 wechseite
567 2006 598 2038 den
611 2006 678 2037 Namen.

90 2072 96 2087 ⁴¹
108 2066 179 2099 Verbum
191 2075 221 2108 pro
233 2065 322 2098 nominavit
334 2065 351 2097 in
363 2070 407 2098 textu
418 2066 486 2097 fortasse
498 2075 566 2098 erronee
576 2065 602 2098 bis
612 2065 682 2108 positum
694 2072 723 2098 esi.

89 2126 96 2146 ¹¹
108 2128 152 2159 Arm.
165 2130 231 2169 propter
243 2126 370 2158 antecessionem
382 2126 456 2159 nominis.
476 2126 518 2158 TM:
535 2136 593 2169 wegen
605 2127 634 2158 der
646 2126 723 2169 Fiihrung

63 2188 91 2221 des
104 2213 133 2220 ...
147 2188 223 2219 Namens.

91 2252 97 2267 θ
109 2249 128 2280 In
141 2258 188 2280 arm:
201 2246 245 2290 quod
256 2248 316 2280 factum
328 2252 356 2280 est⁴
377 2247 419 2279 Tbi:
432 2247 461 2279 des
473 2246 570 2291 gegebenen
579 2248 655 2280 Namens.

93 2306 99 2326 Γ
109 2309 128 2340 In
140 2293 188 2340 armi
201 2307 304 2350 explorantes
316 2313 332 2339 et
343 2307 446 2351 inquirentes.
516 2311 523 2331 ἕ
535 2307 567 2339 Tu
580 2319 611 2340 om.

91 2366 99 2388 ¹¹
111 2368 262 2412 Super-abundantia
275 2375 327 2400 textus
339 2367 413 2400 delenda.
482 2364 486 2387 i
498 2367 539 2401 'tuiz
553 2367 638 2412 angstvoii.

88 2428 96 2449 k
108 2430 149 2463 TM:
161 2429 249 2463 hemauert
319 2427 323 2449 ¹
335 2429 353 2461 In
366 2441 404 2463 ann.
416 2429 490 2473 particip¹

86 2495 97 2510 ¹¹¹
109 2491 142 2523 TM
156 2501 207 2524 anon»
222 2490 314 2524 addendum
330 2501 365 2523 esse
381 2500 456 2523 censens:
474 2501 492 2523 so
504 2490 537 2522 dass
553 2490 576 2524 sie
592 2491 620 2524 das
632 2491 679 2523 Land
691 2490 724 2523 ein-

63 2552 153 2584 zunehmen
166 2548 227 2595 (nicht)
241 2552 319 2585 irnstande
331 2554 390 2592 wtren,
404 2556 420 2583 ut
432 2556 490 2584 terram
502 2562 581 2595 occupare
593 2549 643 2596 (non)
655 2552 723 2585 valeant.

92 2618 100 2633 ¹¹
112 2612 153 2646 TM:
167 2612 188 2644 da
199 2623 237 2645 war.
307 2618 313 2632 ⁰
325 2612 385 2645 Tenus
397 2612 510 2645 emendatione
523 2619 565 2655 eget.
