1606 2792
106 113 148 144 Seet.
155 114 167 145 1.
180 113 254 143 Fundata
262 121 310 154 super
319 110 391 143 notitiam
400 110 431 142 Dei
441 110 521 142 creatione
532 114 548 141 et
556 109 606 152 gratia
614 110 676 153 religio.
700 119 720 150 41

92 221 122 263 16.
139 221 187 263 Hoc
202 220 323 263 mandatum
338 234 379 262 non
394 219 522 270 custodium,
538 219 575 260 sed
591 233 632 260 non
644 220 722 262 obtem-

60 293 138 348 peravit
152 293 199 335 Deo
214 291 290 335 homob
305 293 325 334 in
341 306 429 333 errorem
445 291 520 333 ductus
535 291 561 332 ab
577 291 651 346 angelo
659 292 672 343 ¹,
688 278 728 347 qui

60 373 144 421 propter
159 364 223 407 multa
233 366 273 407 Dei
288 366 349 416 dona,
366 379 419 420 quae
434 364 492 405 dedit
506 364 590 414 homini,
607 364 681 406 inuidia
696 364 722 406 af-

61 438 127 481 fectus
141 438 161 481 in
177 453 224 481 eum
239 445 260 480 et
275 436 388 480 aemulatus
403 444 424 479 et
438 450 460 479 se
475 437 541 491 ipsum
553 436 642 490 perdidit
657 443 678 479 et
688 437 723 479 ho-

61 512 136 553 minem
147 516 290 565 peccatorem⁰
300 509 353 562 fecit,
369 523 395 551 ne
411 510 563 564 obtemperaret
575 511 673 552 mandato
683 511 723 552 Dei

62 584 187 638 persuadens
207 583 253 627 illil.
283 583 340 638 Ergo
360 583 455 637 princeps
476 587 497 623 et
518 581 561 622 dux
580 588 724 636 peccatorume

62 656 128 699 factus
143 656 228 713 angelus
243 654 377 698 mendacio2⁶
395 662 416 697 et
430 655 474 710 ipse
489 668 597 710 percussus
616 663 647 698 est
662 656 724 698 offen-

62 730 113 770 dens
128 730 207 782 Deum,
228 736 248 771 et
266 730 370 771 hominem
390 727 466 783 expelli
481 727 529 770 fecit
548 742 575 769 ex
589 728 667 771 hortos.
697 730 725 771 Et

62 801 110 855 quia
128 815 165 855 per
182 802 257 856 ingenii
274 786 315 856 [sui]
333 800 439 843 consilium
459 795 601 841 rebellaverat'
612 806 632 841 et
651 815 663 842 a
678 802 724 843 Deo

63 887 85 914 se
98 880 239 927 separaverat,
260 873 355 914 satanas3
369 878 456 914 vocatus
473 878 504 913 est
519 872 636 926 secundum
648 873 725 915 hebrai-

63 959 108 1000 cam
123 945 220 1001 linguam,
237 946 294 1001 quod
310 952 340 987 est
355 944 442 987 rebellis.
466 944 508 987 Sed
524 944 578 986 idem
590 942 689 999 ipse¹¹l1ic
704 952 724 986 et

61 1018 189 1062 rcriminatori
203 1026 294 1061 uocatur,

91 1097 148 1152 Ergo
159 1099 217 1140 Dens
232 1099 300 1153 angui,
317 1099 352 1153 qui
366 1086 491 1151 suscipiensl
504 1103 620 1151 portaverat
636 1098 726 1139 crimina-

65 1178 138 1221 torem,
155 1171 266 1221 maledixit,
283 1170 339 1226 quod
355 1168 488 1213 maledictum
503 1170 522 1211 in
535 1170 600 1225 ipsum
616 1169 691 1212 animal
706 1176 727 1212 et

64 1244 84 1285 in
99 1242 197 1286 latentem
213 1241 244 1301 let]
261 1243 371 1298 (abditum)
389 1243 410 1285 in
429 1257 454 1284 eo
473 1241 575 1298 angelum¹
595 1243 616 1284 in
633 1250 725 1285 satanam

64 1315 160 1368 transiit¹;
181 1322 217 1358 et¹¹¹
233 1316 338 1358 hominem
357 1331 369 1358 a
385 1315 435 1358 facie
453 1330 490 1357 sua
508 1314 588 1370 expulit
602 1314 649 1357 loco
664 1322 726 1357 trans-

65 1387 143 1429 ferensn
159 1403 206 1430 eum
221 1389 241 1430 iu
251 1388 306 1430 horti
320 1389 373 1430 niam
384 1387 464 1439 deinde,
481 1402 529 1429 nam
538 1394 670 1443 peccatorem
685 1401 726 1429 non

66 1460 150 1516 suscipit
165 1462 242 1503 hortus.

96 1587 169 1631 ¹Gn3,
184 1597 197 1622 1.
223 1574 323 1633 Sapaza.
381 1587 457 1629 ¹²10&
471 1597 493 1629 44
507 1587 533 1632 (t)

94 1648 149 1692 ³Apc
164 1659 188 1690 12,
202 1647 254 1693 9'sq.;
272 1659 298 1690 20,
312 1659 327 1684 2.

95 1780 102 1795 ²²
113 1775 155 1808 ΤΜι
168 1776 214 1808 nicht
226 1775 338 1819 lestgehalten.

96 1840 103 1861 l
115 1841 148 1872 ΤΜ
162 1842 229 1874 «homo»
244 1842 260 1873 in
273 1842 342 1885 priorem
355 1842 407 1874 locum
420 1842 504 1874 transtulit.

94 1913 100 1927 ⁰
112 1907 148 1940 Vox
160 1919 226 1941 armena
238 1914 253 1940 et
265 1908 381 1941 substantivum
394 1914 409 1941 et
421 1909 516 1942 adiectivnm
529 1921 564 1942 esse
576 1914 634 1952 potest,
652 1915 669 1942 nt
679 1910 729 1956 etiam

69 1979 133 2001 «reum»
146 1969 241 2001 vertendum
253 1969 277 2002 sit.
311 1955 318 1965 ⁵

95 2033 102 2053 ¹¹
114 2034 147 2067 ΤΜ
159 2036 233 2068 ordinem
245 2035 330 2068 verborum
342 2035 458 2083 transmutavit.
517 2040 523 2055 ⁰
536 2036 577 2069 Gen¹
589 2037 611 2080 pl.
625 2038 645 2070 ad
657 2043 729 2080 peccata.

97 2101 102 2120 l
113 2103 145 2133 ΤΜ
158 2102 241 2134 declinans
254 2114 263 2134 a
274 2113 313 2135 vero
325 2113 383 2134 sensu:
396 2103 412 2134 in
425 2104 478 2139 seiner
489 2102 587 2135 Falschheit.

96 2173 102 2191 θ
114 2168 146 2199 ΤΜ
152 2169 248 2218 improprie:
255 2169 289 2201 liess
296 2180 313 2201 er
320 2170 351 2201 den
356 2169 447 2201 Menschen
454 2169 482 2201 des
487 2169 581 2201 Paradieses
587 2169 664 2213 verlustig
671 2171 729 2214 gelren.

84 2224 86 2227 Α
96 2232 103 2254 ¹¹
115 2235 169 2268 Arm:
183 2246 226 2279 noyn
235 2236 285 2267 inkhn
294 2247 316 2269 sa.
333 2236 366 2267 TM
374 2235 491 2279 plenitudinem
500 2235 608 2279 expressionis
616 2247 649 2270 non
657 2237 730 2270 servavit.

98 2301 101 2321 ³
114 2303 147 2333 Aut
159 2314 234 2345 graecum
246 2303 342 2348 κατήγορος
354 2311 381 2335 aut
393 2302 478 2346 διάβολος,
491 2304 600 2341 calumniator,
614 2305 688 2337 reddens.

97 2367 104 2388 ¹⁴¹
117 2369 149 2399 ΤΜ
162 2357 237 2413 neglexit,
252 2370 281 2402 sed
295 2370 321 2401 «in
334 2369 377 2402 sich»
391 2370 459 2402 addidit

99 2433 153 2467 ¹Sive
165 2436 244 2479 pervenit.
264 2436 306 2468 TM:
319 2437 354 2470 traf.
423 2437 488 2469 1¹1llll:
502 2438 545 2469 aber.

96 2505 105 2520 ¹¹
116 2501 187 2534 Verbum
204 2502 275 2535 cverbo
290 2507 353 2535 vertens
368 2502 438 2535 seribere
451 2502 507 2535 debet:
525 2507 587 2535 mutans
600 2502 672 2536 habitare
685 2502 731 2536 feeit.

70 2561 102 2593 ΤΜ
114 2562 194 2595 breviter:
207 2568 288 2596 versetzte.
