1606 2792
72 129 92 151 22
333 120 462 167 *Prolegomena

70 231 141 273 tiatam
163 230 246 285 eiusque
268 230 414 285 redemptionis
435 245 498 286 opus,
522 232 564 274 eius
586 233 732 284 exsistentiam,

71 304 166 355 modum,
186 303 339 354 necessitatem,
360 303 498 355 efficientiam,
518 304 683 347 iustificationem
697 320 733 361 per

71 377 133 417 fidem
152 375 247 425 declarat,
267 375 365 417 Ioannem
380 376 495 431 Baptistam
515 381 535 418 et
550 376 656 430 apostolos
671 385 734 420 testes

71 450 160 490 advocat
175 455 195 488 et
211 461 294 502 gravem
311 445 343 503 [ad
358 455 450 490 sanctam
464 448 645 506 conversationem]
657 450 734 504 obliga-

72 524 148 564 tionem
163 522 234 563 statuit
250 522 275 574 (c.
287 521 385 575 31-42).
416 521 494 577 Quarta
509 522 627 577 prophetias
645 523 734 578 singulas

73 595 99 635 de
114 594 195 635 Christo
211 595 338 634 annuntiatas
354 601 445 635 recenset
459 594 484 647 (c.
496 594 594 649 43—97),
615 601 636 636 et
651 596 734 650 quidem

73 668 99 710 de
119 667 207 711 essentia
223 665 301 718 Christi,
323 667 490 722 praeexsistentia
505 674 525 710 et
540 668 700 724 apparitionibus
715 669 735 711 iu

74 743 150 784 Vetere
158 741 292 783 Testamento
303 748 388 795 agentes
397 742 422 794 (c.
431 751 482 794 43—
490 742 530 794 56),
542 742 616 783 deinde
624 741 674 793 ilias,
683 756 735 797 quae

73 816 200 858 incarnatum
211 828 223 855 a
233 815 338 856 nativitate
348 827 413 869 usque
423 815 449 856 ad
459 816 606 866 ascensionem,
618 815 736 857 missionem

74 887 215 942 apostolorum
231 894 252 928 et
263 887 392 929 vocationem
405 887 497 941 gentium
509 888 629 941 praedicant
639 889 663 941 (c.
674 896 698 941 57
710 888 736 928 ad

74 963 115 1015 97).
137 961 216 1002 Totum
231 958 336 1000 concludit
347 959 415 1000 brevis
428 958 536 1001 haeresum
549 960 609 1002 trium
620 961 736 1015 praecipua-

75 1048 118 1075 rum
130 1033 246 1087 descriptio,
263 1046 315 1086 quae
326 1032 352 1073 de
362 1031 421 1073 Patre
434 1038 469 1072 aut
480 1033 506 1073 de
516 1032 568 1074 Filio
579 1039 614 1073 aut
624 1032 650 1073 de
661 1032 736 1087 Spiritu

76 1106 152 1149 Sancto
168 1119 245 1149 errores
260 1111 360 1160 spargunt
375 1104 400 1158 (c,
412 1105 524 1158 98—100).
555 1104 643 1148 Difficile
663 1095 694 1148 est
709 1120 736 1147 ra-

76 1181 152 1221 tionem
171 1178 279 1232 assignare,
301 1192 354 1232 quae
369 1178 424 1219 hunc
440 1180 526 1231 partium
543 1192 620 1220 nexum
635 1193 736 1220 commen-

76 1253 153 1294 daverit
173 1256 193 1292 et
209 1257 231 1292 ut
246 1251 296 1292 istae
311 1250 407 1292 materiae
423 1250 463 1292 hoc
478 1251 550 1293 ordine
566 1251 738 1307 coniungerentur

76 1327 167 1368 suaserit,

104 1399 125 1441 Si
141 1400 194 1441 hauc
205 1398 273 1453 operis
283 1398 403 1439 divisionem
414 1396 535 1452 cognovisti,
552 1411 638 1453 quaeras
648 1404 736 1453 oportet,

76 1486 138 1527 quare
153 1473 249 1514 irenaeus
263 1471 290 1512 ad
306 1485 340 1522 ea,
361 1484 414 1525 quae
429 1484 491 1525 supra
505 1472 611 1526 exposuit,
631 1476 738 1526 tantopere

77 1552 201 1600 protractam
217 1543 370 1599 prophetiarum
386 1543 553 1598 explanationem
568 1544 688 1586 adiunxerit.
717 1542 739 1585 Si

77 1619 222 1673 respondetur:
239 1623 262 1658 ut
277 1616 352 1659 Christi
367 1616 484 1658 missionem
500 1617 606 1671 probaret,
627 1617 668 1658 iam
685 1631 738 1658 nova

77 1694 169 1747 quaestio
185 1692 276 1750 exoritur
291 1691 317 1732 de
332 1691 410 1733 ratione
425 1704 461 1732 cur
475 1690 540 1732 solam
555 1690 608 1732 hanc
622 1691 739 1733 missionem

77 1766 205 1821 probandam
227 1777 272 1806 esse
293 1764 385 1814 duxerit,
407 1764 491 1806 aliarum
512 1770 580 1806 autem
602 1779 669 1806 rerum
689 1778 739 1818 quas

77 1838 166 1880 docebat
186 1837 330 1892 probationem
350 1837 445 1879 omiserit.
478 1838 521 1879 iam
541 1837 620 1891 patebit
637 1837 657 1878 in
677 1852 739 1891 opere

78 1911 228 1965 expositionem
240 1910 343 1964 quandam
358 1923 370 1952 a
380 1909 503 1964 probatione
514 1909 679 1964 distinguendam
695 1922 739 1951 esse

78 1992 98 2026 et
109 1984 196 2037 priorem
207 1983 313 2038 posteriori
327 1983 427 2033 inservire¹
443 1983 471 2023 ita
486 1989 509 2023 ut
520 1996 532 2023 a
543 1982 670 2036 probatione,
687 1996 739 2036 quae

77 2069 125 2096 vere
140 2054 271 2110 apologetica
286 2061 316 2096 est
332 2062 352 2096 et
366 2055 386 2095 in
402 2055 493 2095 secunda
503 2060 560 2107 parte
574 2068 590 2095 c.
602 2062 685 2107 ita-97
697 2067 740 2107 per-

78 2128 150 2186 ficitur,
171 2128 276 2171 character
295 2129 386 2171 literatus
403 2129 467 2170 totius
486 2128 554 2182 operis
572 2133 596 2169 ut
614 2134 700 2182 aparte
720 2136 740 2169 et

79 2201 213 2256 amplitudine
228 2208 249 2243 et
263 2201 332 2243 vaiore
347 2202 428 2256 potiore
443 2202 594 2243 determinetur.

107 2274 149 2329 Qui
159 2274 257 2318 Harnack
272 2274 339 2330 operis
355 2275 509 2329 dispositionem
526 2288 638 2328 congruam
654 2288 699 2316 esse
713 2274 740 2316 in-

79 2348 140 2390 ternis
163 2347 274 2390 rationibus
296 2347 378 2389 ductus
393 2347 525 2398 dubitaverit,
548 2348 576 2389 ita
599 2361 651 2403 opus
673 2346 739 2402 ipsum

79 2421 226 2476 perscrutando
246 2421 334 2463 inveniet
351 2427 457 2463 auctorem
477 2422 519 2463 eius
533 2420 596 2463 finem
610 2420 673 2463 totius
691 2434 740 2474 opu-

79 2494 130 2536 scuii
144 2502 165 2536 et
180 2493 270 2535 valorem
285 2494 411 2549 singulorum
426 2494 565 2536 membrorum
580 2508 621 2535 non
637 2498 691 2534 recte
707 2484 740 2533 de·

80 2566 172 2610 clarasse.
